2910 4492
694 404 909 478 „36-

207 597 237 640 ut
261 603 324 640 eam
350 583 404 640 levi
429 598 573 639 momento
597 584 790 653 aestimarent,
817 584 895 638 cuius
919 584 961 638 rei
984 596 1183 657 argumentum
1205 581 1335 637 ducimus
1352 601 1390 638 ex

208 692 300 768 prima
323 691 470 746 Ranarum
487 690 642 766 hypothesi
660 691 687 745 in
703 709 760 765 qua
777 689 851 745 haec
868 689 1058 746 adnotantur:
1087 683 1160 744 Οὕτω
1179 687 1207 742 δὲ
1220 688 1389 758 ἐθαυμάσθη

207 800 238 850 τὸ
260 796 348 866 δρᾶμα
377 796 420 850 διά
446 799 494 864 τὴν
522 796 549 850 ἐν
572 797 641 864 uisui
668 799 820 868 παράβασιν
844 791 909 850 ὥστε
932 803 978 849 καὶ
997 794 1165 863 ἀνεδιδάχθη,
1190 790 1225 852 ὥς
1244 816 1324 864 φησιν
1345 801 1390 849 At.

208 905 338 975 ναίαρχσς.
385 903 469 971 Quae
493 902 585 959 verba
609 922 665 959 non
689 903 776 958 modo
800 904 839 958 ita
863 903 1079 979 interpretanda
1103 917 1176 973 sunt,
1201 902 1293 977 quasi,
1318 903 1390 977 quia

208 1009 361 1086 parabasis
396 1030 432 1066 ea
466 1011 527 1066 siue
563 1009 650 1065 dubio
678 1011 836 1086 praecipue
866 1009 989 1087 pulchra
1013 1024 1066 1075 est,
1104 1010 1297 1066 Athenienses
1320 1027 1389 1064 eam

209 1117 388 1173 comoediam
413 1117 606 1186 adamassent,
636 1151 673 1157 -
700 1119 800 1172 iamin
817 1117 983 1193 hypothesi,
1009 1136 1084 1192 quae
1100 1117 1235 1173 Thomae
1252 1117 1390 1190 Magistri

209 1223 307 1294 fertur,
332 1224 459 1279 additur:
486 1225 552 1277 καθ’
576 1245 609 1290 ην
629 1227 800 1295 (παράβασιν)
828 1224 975 1278 διαλλάττει
997 1225 1055 1280 τοὺς
1079 1223 1195 1293 ἐντίμους
1212 1225 1266 1280 τοῖς
1284 1223 1396 1293 ἀτίμοις

208 1337 253 1383 καὶ
275 1333 333 1387 τοὺς
350 1331 460 1387 πολίτας
481 1331 535 1386 τοῖς
554 1333 666 1399 φυγάσιν
685 1361 734 1400 -,
760 1331 813 1386 sed
836 1330 929 1386 verba
953 1329 998 1383 διὰ
1020 1333 1067 1395 τὴν
1091 1331 1119 1382 ὲν
1142 1330 1210 1396 αἰνῷ
1233 1332 1393 1402 παράβασιν

209 1439 294 1493 etiam
329 1456 392 1493 eum
428 1439 455 1492 in
490 1456 522 1492 se
557 1456 670 1492 sensum
702 1436 825 1493 hahent:
863 1439 929 1512 quia
965 1439 1081 1493 omnino
1112 1435 1265 1513 parabasis
1293 1437 1322 1491 in
1354 1456 1394 1492 ea

210 1544 360 1600 comoedia
384 1545 485 1600 inerat.
518 1544 740 1620 Aristophanes,
767 1564 829 1600 cum
855 1546 882 1600 in
907 1546 1144 1621 depravationem
1168 1544 1238 1598 artis
1255 1545 1394 1617 tragicae

210 1652 404 1726 increpitaret,
430 1651 504 1706 idern
529 1651 556 1706 in
581 1651 732 1706 comoedia
756 1671 807 1707 sua
832 1653 869 1708 ad
893 1652 967 1707 illum
993 1652 1138 1724 antiquum
1162 1670 1242 1706 usum
1266 1653 1392 1706 revertit

209 1761 307 1830 χρηστὰ
323 1761 356 1832 τῇ
374 1758 447 1812 πόλει
466 1760 655 1830 ουμπαραινεῖν
674 1766 718 1812 καὶ
738 1757 875 1823 διδάσκειν,
905 1778 989 1834 quem
1019 1759 1058 1813 ita
1086 1777 1118 1814 se
1146 1758 1307 1813 instaurare
1333 1757 1392 1814 sibi

210 1866 343 1920 conscius
379 1865 437 1935 suit,
474 1877 503 1919 ut
539 1863 705 1940 parabasim
734 1864 889 1934 scriberet,
926 1884 1012 1939 quam
1042 1864 1236 1920 Athenienses
1271 1865 1391 1920 iamiam

211 1972 378 2028 desiderare
401 1985 568 2047 coeperant.
617 1971 732 2027 Atticae
755 1973 839 2041 enim,
861 1972 1029 2045 Dionysiae,
1056 1971 1192 2026 choricae
1216 1972 1396 2028 comoediae

211 2079 332 2134 maxime
355 2079 503 2154 propriam
528 2097 593 2134 esse
617 2078 783 2152 parabasim
808 2097 872 2134 cum
896 2079 949 2134 illis
969 2097 1139 2154 persuasum
1156 2090 1243 2146 esset,
1268 2092 1396 2154 poetam

211 2205 320 2241 summo
356 2185 467 2241 honore
501 2179 671 2240 affeceruntss
722 2186 766 2240 Ne
800 2204 853 2240 uos
881 2184 1049 2261 parabasim
1078 2204 1115 2240 ex
1143 2185 1208 2239 loco
1236 2202 1290 2239 suo
1320 2186 1394 2242 deii-

211 2293 329 2348 ciamus.

302 2399 365 2455 Vox
390 2417 460 2454 vero
483 2402 657 2471 παραβαίνειν
676 2400 739 2475 ipsa
764 2398 832 2453 mihi
855 2399 1041 2470 manifestior,
1067 2413 1097 2454 ut
1122 2401 1160 2455 ita
1178 2399 1281 2468 dicam,
1309 2400 1394 2458 facta

211 2520 255 2562 est
290 2507 337 2576 iis,
374 2525 449 2580 quae
476 2505 649 2580 Doerpseldt
683 2505 732 2578 (A.
758 2506 888 2574 Mueller,
926 2506 1214 2563 Biihnenaltertfimer
1250 2527 1279 2582 p.
1311 2512 1393 2583 415)

211 2627 239 2668 et
271 2612 463 2668 Wilamowitz
498 2607 633 2690 (Hermes
668 2613 748 2682 XXI,
786 2633 814 2688 p.
846 2610 921 2688 597)
958 2612 994 2668 de
1022 2613 1137 2669 theatro
1168 2614 1311 2686 Dionysio
1342 2635 1397 2672 ex-

212 2731 377 2794 posuerunt.
419 2720 602 2788 Παραβαίνειν
626 2737 684 2773 vox
712 2719 855 2794 significat
884 2719 1013 2789 chorum,
1043 2733 1196 2796 postquam
1221 2721 1248 2774 in
1272 2723 1394 2796 parodo

212 2824 359 2881 actoribus
383 2826 524 2880 immixtus
547 2837 646 2901 partes
671 2845 737 2880 suas
761 2827 829 2900 egit,
856 2827 970 2881 iamiam
994 2827 1022 2881 in
1046 2827 1226 2882 orchestram
1251 2831 1391 2898 transire,

211 2945 241 2987 ut
264 2933 411 3009 proprium
435 2950 505 2986 suae
529 2932 600 2986 artis
628 2935 774 3008 specimen
799 2933 847 2988 det
871 2947 900 2989 et
922 2933 1076 2988 vellicandi
1099 2945 1282 3009 spectatores
1306 2955 1394 2994 usum

212 3053 356 3096 exerceat.
416 3039 490 3093 Hinc
526 3040 624 3094 melius
660 3040 848 3114 intelligemus
883 3040 976 3096 schol.
1013 3040 1164 3116 Aristoph.
1201 3041 1275 3116 Equ.
1309 3044 1391 3115 508:

211 3147 311 3218 λέγεται
330 3146 357 3200 δὲ
375 3148 523 3217 παράβασις
540 3145 598 3212 ἤτοι
617 3146 704 3213 ἐπειδὴ
723 3147 837 3208 ἀπῖκται
855 3149 900 3207 τῆς
918 3147 998 3214 ἄλλης
1009 3149 1158 3204 ὑποθέσεως
1169 3147 1187 3214 ἢ
1199 3147 1288 3216 ἐπειδὴ
1300 3171 1397 3223 παρα.

212 3257 296 3324 βαίνει
313 3256 327 3307 ὁ
346 3256 420 3324 χορὸς
437 3256 482 3306 τὸν
500 3257 588 3306 τόπον.
617 3255 721 3306 Ἕστᾶσι
739 3254 788 3321 μὲν
806 3257 856 3324 γὰρ
875 3256 942 3306 κατὰ
962 3256 1070 3321 στοῖχον,
1091 3257 1156 3326 πρὸς
1174 3256 1220 3322 τὴν
1240 3255 1393 3329 ὀρχήστραν

212 3360 413 3430 ἀποβλέποντες·
440 3357 503 3413 ὅταν
528 3359 555 3413 δὲ
573 3363 734 3432 παραβῶσιν,
756 3359 847 3428 ἐφεξῆς
865 3361 970 3416 ἑστῶτες
989 3368 1033 3413 καὶ
1051 3363 1115 3431 πρὸς
1132 3363 1192 3418 τοὺς
1210 3365 1312 3420 θεατάς
1332 3365 1398 3434 pig..

211 3489 301 3525 παντες
327 3470 373 3520 τὸν
400 3468 477 3537 λόγον
504 3469 646 3520 ποιοῦνται.
689 3467 760 3521 Post
794 3466 885 3522 verba
917 3470 982 3539 πρὸς
1007 3470 1052 3535 τὴν
1075 3469 1220 3539 ὀρχήστραν
1256 3470 1391 3539 Mueller,

212 3573 510 3646 (Biihnenaltcrtiimer
529 3595 558 3650 p.
579 3591 640 3645 214
665 3575 732 3630 adn.
752 3575 782 3648 3)
806 3575 886 3630 addit
906 3575 1021 3648 »gleich
1044 3575 1184 3645 λοχεῖανα.
1218 3576 1258 3631 At
1273 3577 1393 3634 minime

213 3683 268 3736 iam
292 3700 327 3736 ea
350 3699 423 3756 opus
447 3693 491 3736 est
514 3683 693 3754 coniectura,
720 3682 826 3737 chorus
850 3683 923 3736 enim
941 3696 1008 3737 ante
1024 3683 1191 3757 parabasim
1212 3683 1239 3737 in
1256 3668 1391 3742 actorum

213 3806 300 3842 scena
328 3801 460 3842 versatus
488 3788 526 3842 ad
550 3789 730 3844 orchestram
755 3807 787 3844 re
811 3807 881 3843 vera
905 3801 1028 3864 spectat,
1066 3790 1212 3864 utriusque
1236 3789 1392 3849 confinium

213 3895 324 3948 iamiam
349 3895 527 3949 transiturus.
561 3896 615 3950 Hic
631 3897 716 3971 igitur
733 3897 812 3951 locus
829 3896 882 3950 illis
899 3896 1131 3951 adnumerandus
1147 3908 1191 3951 est
1207 3897 1391 3967 testimoniis,

213 4019 249 4056 ex
283 3999 386 4076 quibus
421 4001 516 4076 colligi
545 4016 641 4078 potest
667 4003 870 4078 Aristophanis
893 4003 1072 4078 temporibus
1096 4003 1211 4078 logeion
1235 4003 1322 4060 altius
1344 4024 1393 4063 or-

213 4107 330 4163 chestra
360 4126 415 4164 non
440 4108 525 4164 fuisse
550 4125 733 4166 exstructum.
779 4111 843 4166 Vox
867 4130 938 4165 vcro
961 4113 1136 4182 παραβαίνειν
1160 4111 1193 4166 iis
1209 4111 1397 4187 temporibus
