2910 4492
615 460 650 466 ,,
708 444 741 498 15
794 459 815 464 ,,

133 617 310 679 spectatores
345 624 424 660 usum
458 605 483 659 in
513 605 546 659 iis
575 603 689 658 infuisse
714 603 916 678 respondeam.
967 604 1035 659 lllud
1059 623 1129 660 vero
1154 605 1252 679 llagito
1276 617 1305 659 et

136 709 256 767 invenire
280 713 375 786 gestio
391 711 580 787 phallicorum
598 730 699 786 genus,
726 713 751 765 in
768 730 825 783 quo
842 724 950 765 certum
968 712 1179 787 personationis
1196 730 1303 778 semen,

136 817 202 873 unde
227 817 309 873 chori
333 818 435 874 cmnici
460 837 648 893 personarum
674 819 800 873 varietas
825 819 904 873 nasci
929 831 1040 893 posset,
1066 817 1185 874 latebat.

218 924 337 979 Hancce
363 925 445 979 velim
464 925 595 998 sequaris
611 925 873 980 ratiocinationem:
901 926 1093 994 Monumenta,
1120 944 1190 981 mus.
1210 926 1303 980 Berol.

136 1048 177 1085 nu.
207 1030 288 1105 1830
314 1045 342 1085 et
366 1033 517 1088 oenuchoe
542 1052 612 1087 mus.
632 1033 712 1100 Brit,
737 1052 822 1105 quam
848 1032 964 1088 mirifice
989 1046 1151 1107 congruant
1174 1052 1236 1087 cum
1262 1033 1304 1100 iis,

136 1155 203 1210 quae
239 1139 276 1194 ‹le
304 1139 458 1213 Magnetis,
495 1140 681 1212 antiquissimi
717 1152 822 1215 poetae
857 1141 969 1207 comici,
1006 1153 1068 1195 arte
1097 1159 1132 1194 ac
1161 1140 1242 1215 poesi
1270 1158 1306 1195 ex

136 1245 261 1301 versibus
279 1247 330 1306 Ar,
348 1246 422 1319 Equ.
444 1264 503 1319 522
522 1266 586 1320 sqq.
599 1244 619 1326 ¹)
643 1246 811 1313 efficiuntur,
836 1245 940 1316 Smith,
967 1248 982 1301 1.
1002 1267 1026 1301 c.
1052 1267 1081 1322 p.
1102 1266 1174 1320 313,
1199 1248 1306 1322 optime

136 1351 299 1409 observavit
323 1373 416 1426 neque
440 1353 611 1410 deliberatio
635 1374 670 1410 ea
695 1355 803 1409 vasculi
824 1373 870 1409 no.
895 1358 973 1427 1697
993 1373 1064 1409 mus.
1082 1355 1177 1409 Berol.
1195 1355 1305 1430 pictura

136 1477 185 1514 non
210 1459 348 1520 firmatur.
396 1462 560 1536 Magnetem
586 1462 653 1516 nihil
678 1462 781 1518 fecisse
805 1463 857 1517 nisi
882 1462 1019 1517 maiorum
1045 1480 1124 1517 more
1145 1461 1227 1517 chori
1243 1481 1307 1536 per-

136 1583 216 1622 sonas
241 1567 279 1622 ad
303 1568 464 1623 animalium
490 1569 666 1644 exemplaria
691 1570 886 1624 conformatas
907 1569 1051 1624 induxisse
1067 1588 1103 1624 ex
1120 1570 1308 1624 monumentis

139 1691 234 1729 eruere
259 1693 312 1729 nos
336 1675 451 1748 quidem
476 1694 532 1731 non
558 1675 760 1745 dubitabimus,
787 1677 825 1731 ita
846 1690 876 1732 ut
892 1677 1063 1751 perantiqua
1080 1676 1148 1730 talia
1166 1676 1193 1730 in
1210 1676 1307 1731 Attica

139 1778 217 1837 luisse
241 1797 414 1858 appareant.
463 1784 529 1851 Qua
553 1803 594 1852 re,
624 1784 646 1837 si
676 1784 739 1856 quis
763 1802 935 1859 comparare
960 1802 1012 1838 nos
1037 1783 1115 1839 iubet
1138 1783 1307 1838 comoediae

138 1887 247 1944 Atticae
272 1889 392 1944 chorum
416 1890 691 1966 theriomorphicum
716 1909 779 1945 cum
804 1891 936 1966 personis
960 1890 1140 1964 quibusdam,
1166 1909 1241 1964 quae
1262 1891 1307 1946 vel

138 1997 236 2051 nostris
261 1996 440 2072 temporibus
464 2010 492 2052 et
516 1997 592 2073 apud
617 1997 781 2053 Germanos
805 2011 834 2053 et
857 1998 933 2073 apud
958 1999 1030 2053 alias
1053 2010 1155 2072 gentes
1179 2017 1196 2052 e
1211 1998 1308 2074 prisca

139 2103 272 2178 religione
311 2118 376 2158 sunt
415 2105 542 2178 reliquae
582 2099 783 2184 (Mannhardt,
824 2105 1060 2180 Mythologische
1100 2105 1308 2180 Forschungen

139 2205 165 2264 S.
199 2210 295 2284 143ff.
325 2212 530 2287 »Perekoppu‚
572 2209 789 2292 »Lollrosch«),
826 2232 861 2268 ea
890 2213 1072 2268 ratiocinatio
1100 2213 1199 2286 figuris
1228 2214 1309 2287 Mag-

139 2319 205 2374 netis
228 2330 326 2374 aetate
350 2318 559 2391 antiquioribus
583 2320 653 2374 mire
677 2318 869 2396 adiuvatur2).

222 2427 288 2494 Qua
313 2445 384 2482 vero
408 2445 443 2482 ne
468 2428 686 2499 acquiescamus
714 2428 741 2481 in
766 2447 807 2482 re.
854 2428 926 2482 Tria
956 2428 1024 2482 mihi
1052 2427 1184 2483 videntur
1207 2428 1309 2503 depre-

142 2529 230 2602 hendi,
257 2551 332 2606 quae
356 2535 516 2590 communia
541 2548 605 2590 sunt
629 2535 761 2610 phallicis
786 2533 909 2590 Graecis
937 2554 1000 2590 cum
1025 2535 1193 2590 nostratium
1217 2553 1307 2601 more,

141 2655 216 2711 quem
253 2659 340 2716 supra
377 2643 607 2697 memoravimus.
656 2642 785 2710 Quorum
820 2642 913 2717 primo
942 2643 1007 2697 loco
1036 2655 1104 2697 noto
1127 2642 1308 2697 saltationem

141 2745 285 2804 immanem
314 2750 463 2805 comicam.
513 2750 609 2822 Atque
639 2749 684 2803 hic
713 2767 769 2803 non
793 2749 968 2824 negligenda
993 2749 1124 2805 videntur
1148 2749 1205 2818 illa,
1235 2767 1310 2822 quae

141 2852 215 2911 Edel.
253 2856 291 2911 du
319 2856 402 2912 Meril
431 2858 457 2911 in
486 2856 569 2925 libra,
606 2857 654 2929 qui
689 2855 853 2911 inscribitur
884 2857 1030 2912 »Histoire
1061 2856 1097 2912 de
1128 2857 1155 2912 la
1180 2855 1310 2912 comedie

141 2964 291 3019 ancienne«
319 2964 389 3036 (vol.
408 2966 428 3033 1,
454 2984 482 3039 p.
504 2964 645 3039 72-81)
669 2966 811 3040 exposuit.
848 2965 905 3033 Qui
930 2965 973 3019 vir
997 2965 1108 3034 doctuS,
1137 2982 1309 3036 quamquam

141 3065 163 3121 in
186 3070 375 3127 deliberando
400 3090 455 3126 non
480 3090 515 3128 eo
539 3073 683 3148 processit
706 3084 736 3126 ut
755 3073 875 3128 chorum
892 3071 1167 3148 theriomorphicum
1185 3070 1310 3125 Atticum

137 3192 171 3229 ex
200 3177 303 3234 eodem
332 3179 379 3233 illo
410 3179 488 3235 fonte
516 3180 704 3235 derivandum
728 3199 792 3236 esse
816 3180 944 3249 sentiret,
981 3192 1076 3234 tamen
1100 3177 1175 3233 bene
1198 3177 1309 3247 meruit,

208 3440 225 3509 ¹)
246 3442 333 3495 πάσας
353 3438 439 3508 δ’ίχιῖν
459 3442 549 3508 φωνὰς
576 3438 620 3496 ίεὶς
643 3448 688 3492 καὶ
708 3440 817 3510 ψάλλων
837 3447 881 3492 καὶ
899 3441 1057 3510 πτερυγίζων
1075 3445 1120 3490 καὶ
1139 3435 1248 3500 λυδίζων
1267 3427 1310 3489 καὶ

141 3531 252 3596 ψηνίζων
271 3536 315 3583 καί
329 3533 491 3599 βαπτόμενος
504 3532 673 3601 βατραχείοις.
711 3537 783 3599 Quae
796 3537 903 3584 adnotat
916 3536 1057 3584 scholiasta
1070 3531 1309 3582 autoschediastica.

142 3619 208 3673 Certe
227 3633 311 3673 autem
334 3621 499 3690 πτερυγίζων,
530 3622 653 3689 ψηνίζων,
683 3622 846 3689 βαπτόμενος
869 3621 1032 3690 βατραχείοις
1054 3624 1087 3672 ad
1110 3623 1178 3671 chori
1198 3621 1310 3670 habitum

142 3719 265 3775 spectant;
285 3715 316 3763 cf.
331 3715 458 3775 Zielinski,
479 3716 633 3778 Gliederung
652 3731 676 3777 p.
692 3717 750 3773 241,
771 3715 814 3778 qui
833 3711 995 3778 βαπτυμενος
1007 3711 1169 3778 βατραχείοις
1188 3712 1221 3760 ad
1235 3710 1310 3759 musi·

142 3813 191 3851 sam
210 3809 290 3852 artem
308 3818 360 3852 non
380 3806 457 3853 audet
469 3805 567 3853 referre.
604 3807 641 3854 Ac
655 3805 697 3853 vix
715 3811 781 3854 recte
795 3804 896 3853 verterit
912 3804 1107 3865 „Vogelgesang
1120 3803 1173 3850 und
1186 3801 1310 3863 Wespen-

142 3895 276 3943 summen“.

207 3977 228 4046 ²)
247 3984 368 4034 Dielsium
397 3989 512 4033 nostrum
541 3984 567 4032 in
595 3985 701 4047 collegio
730 3983 921 4045 comparavisse
946 3984 1050 4032 chorum
1074 3979 1312 4042 theriomorphicum

143 4074 283 4122 comoediae
301 4073 400 4122 Atticae
419 4087 477 4121 cum
496 4074 613 4136 personis
632 4089 647 4121 a
666 4072 847 4122 Manabardtio
867 4073 882 4122 1.
902 4087 923 4120 c.
944 4072 1078 4134 descriptis
1096 4085 1127 4118 ex
1140 4069 1228 4118 amicis
1241 4069 1312 4117 audi·

142 4173 228 4211 veram.
268 4163 325 4226 Qua
344 4178 370 4211 re
389 4165 410 4211 ei
431 4163 527 4225 gratias
547 4177 605 4224 ag0‚
626 4164 695 4226 quod
715 4163 893 4211 deliberantem
913 4176 953 4209 me
972 4161 1079 4209 maxime
1099 4159 1206 4208 adiuvit.
