2910 4492
688 373 902 446 „33-

205 563 301 606 aetate
336 549 424 606 scribi
458 553 493 606 sit
529 564 672 626 coeptum,
709 565 752 606 est
776 570 883 619 earum,
920 571 995 625 quae
1031 572 1048 606 a
1084 566 1170 627 poeta
1200 552 1313 608 comico
1342 554 1384 607 ad

205 659 359 731 lyricorum
383 656 558 735 exemplaria
583 657 737 713 artificiose
762 659 941 736 compositae
965 673 1038 727 sunt,
1064 677 1099 714 ea
1123 659 1232 714 scilicet
1255 659 1383 729 ratione,

205 778 235 820 ut
258 784 333 840 quae
357 765 546 820 decantantur
569 765 606 819 ad
630 767 792 820 universam
814 764 939 820 fabulam
956 765 1170 840 quodammodo
1186 766 1384 842 applicentur.

206 873 334 940 Quarum
370 873 502 946 exempla
531 873 557 926 in
584 871 695 947 VespiS,
727 873 753 926 in
778 873 863 941 Pace,
894 874 920 927 in
948 871 1066 942 Avibus,
1099 874 1124 926 in
1148 873 1321 945 Lysistrata,
1356 874 1385 927 in

206 979 413 1034 Ecclesiazusis
436 992 558 1034 exstant.

296 1086 387 1140 Nimia
415 1105 471 1160 ego
496 1086 626 1148 audeam,
657 1087 680 1140 si
711 1105 747 1140 ex
771 1086 878 1141 Cratini
909 1086 942 1140 fr.
972 1086 1032 1158 276
1057 1089 1115 1142 τοὺς
1135 1085 1246 1149 ἐξώλεες
1264 1089 1327 1155 ὑμῖν
1347 1089 1387 1140 ἵν’

206 1193 276 1246 allai
299 1196 356 1248 τοὺς
379 1196 472 1261 νόμους
508 1193 679 1248 concludere
715 1193 798 1248 velim
839 1193 924 1248 exodi
965 1193 1200 1268 compositionem
1237 1194 1281 1248 vel
1320 1214 1386 1250 rem

207 1302 342 1355 musicam
367 1301 452 1355 luisse
469 1315 576 1355 certam
593 1300 747 1374 quandam,
781 1298 840 1355 Sed
858 1300 1091 1375 antiquissimum,
1117 1315 1251 1374 quantum
1270 1301 1386 1357 Aristo-

206 1407 318 1482 phanes
342 1408 403 1482 ipse
428 1408 603 1476 meminerat,
630 1407 741 1462 comico
766 1407 857 1462 choro
882 1407 1044 1462 constitisse
1067 1426 1147 1462 usum
1172 1426 1235 1462 curn
1253 1410 1386 1464 carmine

207 1514 328 1570 exeundi
363 1534 399 1570 ex
422 1514 584 1590 Vesparum
608 1515 702 1570 exodo
727 1515 828 1581 elucet,
859 1514 924 1569 dum
955 1528 1035 1570 recte
1063 1514 1264 1589 intellegantur
1288 1515 1387 1570 verba

207 1640 254 1676 VV-
285 1639 364 1695 1535
383 1641 451 1695 Sqq²

420 1727 477 1780 ἀλλ’
498 1727 594 1796 ἐξάγετ’
614 1729 640 1780 εἴ
653 1750 677 1780 τι
697 1727 789 1797 φιλεῖτ’
809 1728 957 1798 ὀρχούμενοι
977 1731 1077 1799 θύραζε

418 1837 485 1903 ὑμᾶς
503 1837 577 1901 ταχὺ·
597 1837 671 1887 τοῦτο
690 1837 739 1905 γὰρ
758 1833 839 1890 οὐδείς
857 1857 898 1887 πω
915 1837 998 1904 πάρος
1018 1834 1135 1905 δέδρακε)

420 1942 574 2011 ὀρχούμενον
592 1936 661 1997 ὅστις
680 1941 830 2008 ἀπήλλαξεν
848 1944 925 2011 χορὸν
945 1941 1088 2012 τρυγῳδῶν.

297 2048 426 2103 Adnotat
441 2047 613 2103 scholiasta:
632 2044 766 2118 εἰςέρχεται
783 2050 796 2100 ὁ
815 2050 888 2118 χορὸς
904 2048 1057 2116 ὀρχούμενος
1070 2048 1189 2116 οὐδαμῶς
1202 2047 1230 2101 δὲ
1243 2047 1388 2123 ἐξέρχεται.

208 2153 267 2211 Sed
291 2174 392 2231 parum
416 2155 552 2210 intellexit
575 2154 741 2222 scholiasta,
767 2155 835 2228 quid
859 2166 953 2210 mente
977 2169 1065 2230 poeta
1081 2155 1190 2232 opponi
1206 2155 1284 2210 velit.
1319 2159 1388 2212 Non

208 2262 299 2318 verbo
332 2262 481 2328 ἀπήλλαξεν
516 2261 718 2338 opponendum
754 2276 818 2316 erat
845 2258 991 2332 εἰσέρχεται,
1023 2262 1075 2317 sed
1105 2261 1197 2316 verbo
1225 2261 1390 2333 δρχοίψενον

208 2369 410 2445 opponendum
435 2384 498 2425 erat
522 2368 626 2436 ᾄδοντα.
674 2368 761 2436 Quod
785 2369 859 2423 enim
876 2369 942 2423 noui
960 2368 1173 2444 Aristophanes
1190 2369 1216 2423 in
1233 2386 1269 2424 ea
1285 2372 1388 2427 exodo

208 2496 293 2532 ausus
328 2491 380 2545 est,
417 2477 444 2530 id
480 2492 551 2545 erat,
588 2476 665 2549 ll¹¹0d
701 2475 820 2530 chorum
848 2475 968 2530 saltibus
996 2475 1209 2545 ridiculissimiS,
1246 2476 1285 2530 ad
1310 2497 1390 2552 quos

208 2599 327 2639 cantare
361 2584 442 2638 nimis
478 2583 591 2637 difficile
627 2594 698 2651 erat,
736 2601 772 2636 ex
806 2581 958 2636 orchestra
993 2601 1057 2637 sese
1086 2583 1272 2658 recipientem
1305 2583 1387 2654 fecit,

208 2690 306 2746 verbis
330 2691 382 2745 illis
407 2690 489 2745 nobis
514 2703 633 2745 testatus
656 2708 721 2744 sese
745 2701 831 2744 antea
854 2708 969 2764 semper
993 2689 1098 2745 vidisse
1123 2689 1278 2745 choreutas
1303 2694 1389 2750 exire

209 2811 367 2853 cantantes.
415 2798 452 2852 Et
475 2798 502 2852 in
527 2796 655 2851 Nubibus
678 2799 763 2871 igitur
787 2810 815 2851 et
839 2797 866 2850 in
890 2796 1201 2872 Thesmophoriazusis
1225 2796 1253 2851 id
1268 2798 1389 2855 silentio

209 2905 371 2960 addendum
395 2923 459 2959 esse
482 2904 550 2958 mihi
574 2905 695 2972 videtur,
720 2903 798 2977 quod
823 2903 849 2956 in
865 2904 947 2957 Pluto
971 2922 988 2957 a
1012 2917 1099 2978 poeta
1121 2903 1248 2958 additur:
1276 2902 1320 2958 δεῖ
1336 2910 1391 2978 γὰρ

208 3015 318 3064 κατόπιν
336 3015 432 3063 τούτων
451 3010 562 3078 ᾄδοντας
582 3011 701 3064 ἕπεσθαι.

299 3117 410 3187 Quibus
435 3117 470 3172 de
495 3119 587 3173 causis
611 3119 808 3192 quaestionem
832 3118 931 3193 paucis
956 3118 1098 3193 complexi
1124 3118 1251 3172 dicemus
1269 3136 1389 3175 comoe-

210 3227 285 3280 diam
315 3225 439 3280 Atticam
467 3226 621 3300 antiquitus
649 3225 761 3280 solitam
790 3244 854 3280 esse
877 3224 950 3278 finiri
974 3244 1058 3280 como
1082 3225 1119 3279 ad
1144 3222 1229 3279 tibias
1253 3239 1388 3297 cantate,

210 3352 244 3388 ac
277 3333 498 3387 Wilamowitzio
534 3333 667 3404 (Homer.
703 3332 960 3405 Untersuchungen
985 3352 1013 3407 p.
1035 3329 1109 3407 248)
1133 3331 1242 3386 assensi
1266 3331 1290 3386 si
1317 3333 1390 3388 iudi—

210 3439 338 3495 cabimus
377 3459 497 3495 »unsere
533 3440 653 3494 altesten
688 3439 850 3494 Komddien
886 3439 980 3494 lassen
1016 3439 1078 3494 ihre
1112 3438 1296 3512 Entstehung
1334 3459 1390 3495 aus

209 3549 291 3615 κῶμοι
305 3540 324 3629 ¹)
349 3547 424 3602 noch
449 3546 574 3602 deutlich
598 3547 776 3616 erkennen«,
802 3546 925 3602 exodum
949 3564 1064 3620 quoque
1088 3543 1294 3622 spectabimus,

300 3655 384 3721 Quod
421 3655 542 3728 denique
571 3654 706 3708 Zielinski
742 3653 910 3708 comoediae
940 3652 1174 3728 Aristophaneae
1209 3664 1310 3728 partes
1347 3654 1390 3710 ita

210 3760 306 3815 definit
329 3776 415 3835 atque
440 3760 657 3828 circumscribit,
683 3773 712 3814 ut
732 3760 858 3814 ultimum
875 3760 1033 3835 episodium
1050 3772 1180 3814 actorum
1197 3777 1262 3814 curn
1278 3759 1390 3816 exodio

283 4003 302 4069 ¹)
322 4008 348 4055 ln
368 4009 439 4056 titulo
459 4023 519 4055 vero
540 4009 566 4056 C.
582 4009 602 4055 J.
617 4010 646 4056 Α.
668 4009 686 4055 ll
706 4009 755 4056 97?
778 4009 882 4055 verbum
902 4004 984 4068 κ’ῦμοι
998 4007 1146 4054 vertendum
1160 4019 1219 4053 esse
1233 4005 1388 4063 „lromisohe

208 4096 309 4145 Chbre⁰
330 4098 429 4144 minime
449 4098 506 4144 mihi
527 4097 728 4158 persuadebitur.
