2910 4492
629 413 844 467 ,17-

150 574 277 642 tudinem,
315 575 420 630 certius
455 591 643 649 personarum
679 592 777 629 semen
806 574 832 628 in
862 573 936 628 cuitu
960 572 1087 648 phallieo
1112 571 1319 646 antiquioribus

150 681 320 756 temporibus
344 680 469 737 infuisse.

231 788 327 862 Atque
351 800 381 843 ut
404 787 441 843 ad
466 788 570 843 exitum
592 788 784 863 perducamus
800 787 1008 860 quaestionem,
1033 805 1118 860 quam
1136 786 1172 841 de
1188 785 1318 842 vasculo-

147 913 201 949 rum
225 894 325 969 figuris
349 895 527 963 instituimus,
552 893 619 948 iliud
643 913 727 949 unum
752 907 844 949 restat
858 907 889 948 ut
904 911 1086 966 quaeramus,
1112 911 1236 966 quonam
1253 892 1318 949 loco

147 1007 222 1056 actos
257 1020 322 1057 esse
353 1019 453 1056 comos
481 1001 545 1056 illos
568 1001 671 1056 coniici
695 1001 795 1076 possit.
844 1001 1007 1055 Fueruntne
1031 999 1158 1054 adiuncti
1181 1017 1316 1076 pompae,

147 1107 169 1162 in
190 1127 247 1181 qua
271 1109 353 1164 simul
378 1127 441 1163 cum
465 1108 597 1180 Dionyso
621 1108 648 1162 in
673 1126 758 1162 carru
782 1107 877 1162 navali
901 1107 1020 1162 sedente
1044 1101 1222 1187 [Duemmler
1243 1107 1260 1161 l.
1279 1111 1318 1171 ei

146 1213 426 1290 circumagebantur?
466 1216 490 1269 F
492 1215 636 1289 igurarum
667 1214 827 1290 dispositi0,
857 1233 941 1288 quam
971 1214 998 1269 in
1021 1214 1134 1289 pictura
1158 1213 1317 1289 amphorae

146 1321 332 1377 Berolinensis
367 1341 413 1377 no.
448 1321 529 1396 1830
566 1321 765 1390 observamus,
803 1340 838 1377 ne
874 1322 910 1377 de
939 1322 1054 1394 agmine
1077 1339 1131 1396 per
1154 1319 1255 1376 urbem
1279 1321 1317 1375 in-

145 1429 259 1484 cedente
284 1429 453 1503 cogitemus,
480 1448 535 1483 non
560 1428 687 1504 impedit.
720 1429 799 1483 Tota
823 1447 894 1484 vero
919 1447 993 1501 quae
1017 1428 1124 1484 eruitur
1147 1446 1184 1483 ex
1199 1428 1318 1503 picturis

144 1549 297 1612 apparatus
321 1537 428 1592 scenici
451 1535 593 1612 perfectio
617 1535 712 1604 efficit,
739 1549 768 1590 ut
792 1554 892 1591 comos
916 1536 979 1591 illos
1000 1536 1056 1590 iam
1073 1548 1154 1591 certo
1171 1535 1236 1591 loco
1252 1553 1317 1591 esse

144 1654 219 1698 actos
243 1656 351 1718 putem.
399 1643 498 1711 Quare
527 1633 596 1697 nihil
621 1643 676 1697 iam
702 1641 791 1698 habet
815 1643 886 1712 miri,
918 1642 996 1716 quod
1020 1642 1057 1698 G.
1083 1642 1265 1698 Oehmichen
1289 1643 1316 1697 in

144 1751 387 1819 commentatione,
417 1768 503 1823 quam
528 1750 700 1825 conscripsit
724 1750 760 1805 de
776 1749 857 1804 titulo
873 1749 907 1810 C.
925 1749 950 1824 J.
970 1749 1005 1804 Α.
1032 1750 1056 1804 ΙΙ
1073 1766 1135 1824 977
1155 1750 1172 1818 i,
1191 1750 1226 1815 K,
1243 1768 1280 1820 w,
1298 1769 1316 1803 v

143 1851 419 1931 (Sitzungsberichte
444 1857 471 1912 d.
492 1857 588 1912 Akad.
615 1856 642 1911 d.
662 1856 710 1911 W.
728 1877 762 1911 zu
779 1856 923 1912 Miinchen
944 1855 1036 1932 1889,
1062 1857 1114 1912 Bd.
1133 1858 1166 1926 H,
1193 1876 1221 1932 p.
1245 1852 1316 1934 164)

143 1962 175 2017 ad
198 1982 303 2019 annum
327 1964 387 2021 fere
413 1963 474 2036 478
494 1983 520 2018 a.
539 1964 608 2019 Chr.
627 1964 793 2020 ienaeorum
814 1964 1000 2020 certaminum
1018 1964 1193 2019 comicorum
1210 1964 1316 2018 initium

143 2069 318 2127 referendum
354 2091 419 2127 esse
448 2072 614 2127 coniectura
644 2071 753 2146 colligit
765 2069 796 2146 ¹).
845 2071 920 2140 Quin
950 2071 1036 2126 etiam
1065 2089 1101 2127 ex
1125 2084 1228 2126 natura
1252 2089 1316 2126 esse

143 2193 231 2232 rerum
260 2178 388 2234 dicemus
411 2191 515 2254 poetas
540 2179 676 2244 comicos,
702 2179 868 2254 priusquam
892 2177 1010 2254 publico
1034 2191 1148 2254 sumptu
1165 2176 1316 2233 comoedia

209 2421 228 2487 ¹)
257 2426 333 2488 Quod
363 2426 519 2476 Oehmichen
548 2427 562 2475 l.
584 2440 604 2474 c.
634 2426 765 2474 contendit
793 2425 867 2473 etiam
896 2426 928 2473 de
956 2440 1025 2473 anno
1045 2426 1097 2475 478
1126 2425 1174 2472 dici
1201 2425 1316 2487 potuisse

143 2507 203 2579 ,ipa
214 2516 303 2573 ποτε“,
324 2519 447 2578 quantum
467 2517 557 2563 attinet
576 2515 609 2562 ad
629 2514 782 2576 tragicorum
794 2514 903 2576 primum
916 2520 1052 2573 certamen,
1072 2515 1133 2562 nihil
1147 2516 1224 2563 habet
1238 2514 1314 2563 dubii.

141 2600 185 2652 Sed
204 2605 281 2652 alium
300 2605 429 2666 quendam
452 2605 600 2666 scrupulum
619 2618 677 2652 eum
690 2603 802 2666 oportuit
815 2604 930 2653 eximere.
958 2603 1015 2653 Veri
1029 2604 1096 2652 enim
1109 2610 1149 2653 est
1162 2603 1314 2653 simillimum

141 2689 269 2742 Chionidis
290 2698 313 2742 et
333 2694 462 2756 Magnetis
490 2698 600 2742 aetatem
624 2693 656 2740 ad
676 2692 774 2740 initium
793 2693 937 2742 certaminis
957 2693 1047 2742 comici
1065 2693 1223 2742 referendam
1242 2707 1313 2751 esse;

140 2787 201 2830 recte
220 2782 392 2831 Wilamowitz
412 2782 528 2842 (Hermes
550 2780 616 2841 XXI,
645 2796 669 2843 p.
693 2781 745 2828 613
768 2783 828 2831 adn.
851 2782 886 2847 2),
906 2783 1068 2844 coniungens
1088 2783 1171 2830 locum
1190 2782 1259 2832 Poet.
1280 2781 1313 2829 V:

139 2866 211 2936 χορὸν
238 2863 370 2933 κωμῳδῶν
397 2864 508 2936 &pertore
537 2866 550 2918 ὃ
579 2864 667 2936 ἄρχων
687 2864 780 2919 iiiam
799 2877 823 2919 et
842 2870 911 2921 Poet.
930 2871 972 2920 111:
1000 2865 1157 2936 Ἐπίχαρμος
1177 2866 1314 2931 incentha

139 2953 223 3020 πολλῷ
241 2957 365 3024 πρότερος
383 2950 562 3008 ὦνΧιωνίὸου
580 2961 625 3007 καὶ
644 2957 794 3023 Μάγνητος,
815 2960 901 3008 vertit:
924 2960 1026 3022 „Lange
1045 2961 1110 3008 nach
1125 2959 1258 3022 Epicharin
1272 2961 1315 3007 hat

139 3048 179 3096 der
197 3051 300 3097 Archon
320 3054 406 3097 zuerst
425 3049 506 3097 einem
526 3050 646 3098 Komitrer
665 3050 738 3098 einen
758 3049 826 3098 Chor
844 3049 986 3110 gegeben“.
1014 3049 1106 3111 Quaeri
1125 3049 1201 3110 igitur
1220 3047 1313 3104 debuit,

138 3150 194 3185 num
225 3152 320 3186 annum
353 3139 405 3187 478
436 3145 558 3200 spectans
586 3138 736 3187 Aristoteles
768 3138 850 3186 dicere
881 3138 1002 3200 potuerit:
1040 3131 1196 3201 Ἐπίχαρμος
1225 3129 1314 3196 πολλᾷ

136 3223 256 3291 πρότερος
268 3219 311 3272 ὤν.
345 3226 483 3290 Postquam
496 3227 620 3286 Meineke,
634 3242 709 3290 quem
720 3228 834 3290 sequitur
846 3227 1020 3276 Wilamowitz
1035 3227 1060 3289 (l.
1076 3227 1118 3287 c.),
1139 3241 1196 3275 earn
1215 3231 1313 3275 contro-

137 3316 242 3364 versiam
256 3316 291 3363 ita
304 3316 463 3380 disceptavit,
478 3323 505 3364 ut
519 3316 663 3378 Magnetem
678 3321 702 3365 et
716 3315 867 3364 Chionidem
880 3317 947 3364 circa
960 3331 1057 3364 annum
1069 3315 1122 3364 460
1132 3331 1155 3364 a.
1167 3315 1225 3364 Chr.
1239 3316 1312 3363 floru-

136 3403 185 3453 isse
205 3405 308 3463 diceret,
331 3410 397 3452 recte
416 3405 514 3453 Lorenz
535 3400 681 3469 (Epicharin
700 3421 724 3469 p.
745 3406 779 3454 53
799 3405 849 3468 sq.)
869 3405 992 3454 rationem
1012 3405 1134 3468 apposuit
1153 3420 1224 3465 eam,
1244 3406 1313 3467 quod

136 3494 282 3542 Aristoteles
308 3509 337 3541 eo
357 3494 413 3541 loco
432 3508 485 3541 non
504 3494 565 3542 dicit
584 3500 700 3554 aetatem,
729 3510 781 3558 qua
800 3495 935 3558 Syracusis
959 3495 1045 3543 floruit
1062 3495 1238 3557 Epicharmus
1268 3496 1312 3542 sed

136 3597 197 3642 eam,
226 3598 277 3645 qua
296 3583 416 3644 Megarae
444 3582 592 3631 comoedias
621 3583 731 3632 seribere
759 3585 849 3646 coepit.
888 3583 972 3646 Quam
994 3583 1140 3646 opinionem
1158 3583 1313 3644 gravissimo

136 3680 282 3733 argumento
302 3672 425 3720 adiuvare
444 3673 555 3734 neglexit
575 3673 681 3732 Lorenz,
701 3688 758 3721 eam
778 3674 843 3733 dico,
864 3674 933 3736 quod
947 3672 1097 3721 Aristoteles
1111 3672 1153 3720 illo
1167 3673 1224 3720 loco
1238 3673 1313 3721 tradit

137 3759 300 3823 Megarenses
321 3761 452 3824 Hyblaeos
472 3762 621 3810 comoediae
640 3762 813 3811 inventionem
833 3762 881 3810 sibi
901 3762 1057 3812 vindicasse.
1095 3761 1185 3824 Quare,
1206 3762 1228 3810 si
1247 3762 1313 3810 circa

135 3863 228 3898 annum
246 3848 298 3899 478
327 3851 473 3912 Magnetem
502 3856 527 3898 et
554 3850 705 3900 Chionidem
734 3852 881 3900 comoedias
910 3852 1021 3900 scribere
1043 3851 1161 3914 coepisse
1184 3851 1312 3914 ponimus

136 3938 283 3988 Aristoteles
303 3940 385 3987 dicere
404 3941 487 4002 potuit
506 3955 602 3989 annum
621 3941 673 3989 478
693 3956 716 3989 a.
737 3939 794 3989 Chr.
815 3943 950 4003 spectans:
968 3934 1125 4004 Ἐπίχαρμος
1143 3933 1232 4000 πολλῷ
1249 3939 1313 4006 πρέ·
1398 3939 1400 3944 ’

137 4042 205 4094 τερος
224 4022 261 4075 ὤν
280 4020 411 4076 Χιωνίὸου
430 4028 476 4075 καὶ
494 4025 651 4092 Μάγνητοςε
671 4030 837 4093 Epicharmus
855 4029 934 4078 multo
954 4034 1013 4077 ante
1031 4028 1176 4090 Magnetem
1195 4035 1220 4077 et
1238 4029 1313 4079 Chio·

137 4119 218 4168 uidem
238 4117 386 4167 comoedias
406 4119 517 4166 scribere
536 4120 627 4184 coepit.

1115 4207 1128 4240 ο
