2910 4492
596 390 809 447 ,43-

109 553 165 608 illis
201 552 298 608 verbis
327 552 483 627 significari
513 552 594 606 dicit:
636 551 708 606 »wie
733 551 760 605 in
785 551 840 605 den
866 551 1047 617 Acharnern,
1085 551 1139 607 den
1165 551 1285 621 Rittern,

109 660 167 716 den
192 659 315 734 Vdgeln,
348 659 413 716 dem
443 659 576 727 Frieden,
606 649 673 713 den
692 657 842 712 Frdschen
870 677 931 712 zum
958 658 1067 713 lnhalte
1096 658 1149 714 der
1177 655 1288 714 Stlicke

109 767 192 822 nicht
214 766 356 841 gehdrige
380 765 518 821 Lieder«.
567 764 665 820 Paullo
689 765 794 820 rectius
819 764 990 838 Bernhardy
1014 760 1188 842 (Littgesch.
1207 765 1241 831 ll,
1269 783 1283 820 2

109 895 140 950 p.
167 869 244 953 611)
279 872 316 928 ad
351 872 434 927 ludos
462 886 591 927 actorum
616 890 650 926 ea
676 870 766 927 verba
791 885 925 947 spectare
950 885 1028 926 ratus
1052 873 1175 948 exempli
1200 890 1288 929 causa

110 979 236 1056 profert:
277 979 357 1035 »Das
381 977 581 1034 liinschiebsel
617 977 669 1033 der
704 977 808 1034 beiden
845 979 871 1032 in
908 977 962 1032 den
992 977 1119 1034 Wollren
1148 979 1210 1034 sich
1239 978 1288 1035 be-

110 1086 288 1144 streitenden
307 1085 410 1156 λὸγοιας
447 1084 499 1141 sed
535 1085 561 1139 id
590 1103 704 1158 quoque
730 1086 753 1139 is
777 1086 834 1157 qui,
859 1104 934 1159 quae
963 1084 999 1140 de
1028 1105 1123 1159 agone
1152 1085 1286 1142 Zielinski

110 1193 254 1270 exposuit,
280 1192 446 1269 perlegerit,
472 1192 520 1246 vix
537 1191 645 1247 credet.
688 1193 850 1247 Nesemann
874 1191 940 1263 (Die
966 1191 1085 1248 formale
1109 1193 1288 1269 Glierlerung

111 1301 165 1356 der
200 1299 395 1356 alt-attischen
419 1299 561 1354 Komorlie
590 1319 618 1374 p.
640 1296 670 1374 τ)
706 1298 804 1353 dicens
844 1298 1000 1353 »zunachst
1036 1300 1130 1355 nichts
1165 1300 1289 1357 anderes

109 1407 156 1463 als
180 1407 243 1463 eine
268 1406 332 1462 dem
354 1406 500 1480 Vortrage
525 1406 576 1461 des
600 1406 695 1461 Chors
720 1405 920 1480 beigegebene
945 1406 1085 1481 Einlage«
1115 1407 1191 1462 haud
1215 1407 1289 1463 male

110 1533 174 1570 rem
198 1515 355 1590 perspexit,
381 1513 432 1568 sed
457 1526 560 1588 postea
585 1511 683 1568 verbis
711 1512 853 1588 nK'a'mpfe
878 1513 929 1567 der
954 1513 1147 1588 lipeisodienu
1176 1533 1193 1568 a
1218 1533 1288 1571 vero

109 1640 145 1677 se
181 1619 364 1676 aberravisse
400 1619 547 1695 patefacit.
597 1620 757 1687 Rationem,
795 1640 851 1692 qua
875 1638 922 1674 res
947 1620 1064 1695 intelligi
1088 1633 1193 1695 potest,
1220 1621 1288 1675 indi·

110 1729 192 1784 cavit
215 1727 348 1783 Meineke
372 1723 432 1805 (Fr.
459 1746 533 1782 com.
561 1728 592 1794 ll,
618 1747 647 1802 p.
668 1735 752 1800 757),
783 1746 845 1782 cum
876 1727 911 1781 de
941 1728 1102 1800 Metagcnis
1127 1727 1288 1801 fragmento

309 1837 365 1887 κατ’
384 1834 526 1887 ἐπεισόδιον
544 1834 699 1903 μεταβάλλω
718 1837 762 1887 τὸν
781 1833 858 1903 loyor
883 1836 916 1889 ὡς
935 1834 967 1885 ἂν

308 1946 423 1994 καιναῖσι
443 1945 571 2011 παροψίσι
591 1948 632 1993 καὶ
653 1941 762 1997 πολλαῖς
781 1942 899 2007 εὖωχὴσω
918 1943 946 1992 τὸ
967 1944 1081 2009 θέατρον

111 2050 272 2104 dissertans
312 2048 420 2103 haecce
461 2048 592 2102 adnotet:
638 2048 754 2102 »Facile
797 2048 859 2120 orris
902 2047 927 2101 in
968 2066 1031 2103 earn
1068 2047 1163 2103 delabi
1199 2049 1290 2122 possit

109 2156 294 2223 sententiam,
331 2168 360 2209 ut
395 2154 561 2230 parabasim
599 2155 625 2209 in
663 2155 705 2208 his
737 2153 834 2208 verliis
870 2153 994 2208 describi
1032 2155 1058 2208 in
1093 2155 1216 2209 animum
1251 2155 1289 2208 in·

111 2263 215 2335 ducat,
251 2261 302 2317 sed
331 2262 493 2317 accuratius
512 2262 569 2341 ⁸qui
599 2261 689 2316 rcrlra
715 2261 924 2336 contemplatus
953 2262 1015 2329 erit,
1045 2261 1204 2336 episodium
1228 2262 1289 2316 sive

109 2371 294 2446 epigramma
322 2368 466 2443 quoddam
495 2369 574 2440 mrasi
611 2368 742 2422 exodium
780 2366 893 2422 tabulae
929 2367 1014 2422 fuisse
1050 2367 1195 2441 intelliget,
1233 2386 1289 2422 non

109 2477 171 2533 alio
194 2477 247 2532 nisi
270 2476 343 2532 risus
367 2475 502 2552 captandi
526 2475 645 2529 consilio
676 2474 789 2529 fabulae
818 2475 970 2544 adiectum,
1001 2494 1093 2547 neque
1122 2475 1287 2530 necessario

111 2603 180 2640 cum
208 2583 316 2658 reliqua
340 2585 454 2638 actione
479 2583 591 2637 vinculo
616 2584 805 2636 coniunctum.
844 2581 939 2656 Atque
964 2582 1075 2637 hincest
1099 2581 1176 2654 quod
1200 2583 1290 2636 Meta-

111 2708 206 2767 genes
229 2705 426 2765 argumentum
452 2690 575 2759 labulae,
602 2692 645 2742 τὸν
664 2690 747 2758 λύγον,
780 2708 811 2744 se
841 2703 950 2744 mutare
980 2690 1047 2744 dicit
1075 2691 1101 2744 in
1126 2689 1286 2764 episodi0.«
1317 2664 1322 2679 ⁸

112 2797 298 2871 Quamquam
333 2812 433 2852 contra
470 2817 504 2852 ea
535 2797 572 2851 G.
601 2797 747 2851 Hermann
776 2795 886 2872 profert
915 2797 1019 2852 exodia
1048 2796 1125 2872 apud
1157 2796 1289 2852 Graecos

111 2923 173 2960 non
202 2904 306 2959 usitata
334 2903 420 2959 luisse
444 2917 472 2959 et
496 2905 523 2958 in
548 2905 709 2978 Metagcnis
734 2908 895 2977 lragmento
917 2919 1010 2958 actum
1029 2904 1198 2959 comoediae
1222 2904 1287 2971 dici,

110 3012 189 3067 sicut
223 3011 400 3086 tragoediae,
438 3025 533 3066 tamen
563 3012 695 3066 Meineke
731 3024 812 3065 extra
842 3029 1020 3066 communem
1044 3029 1158 3066 sensum
1182 3011 1288 3085 aliquid

112 3117 293 3191 investigans
316 3118 343 3172 in
367 3117 460 3173 verbo
484 3117 628 3171 ἐπεισόδιον
650 3119 786 3192 optimam
812 3119 951 3172 rationem
977 3131 1090 3173 secutus
1115 3130 1167 3172 est.

205 3223 304 3279 Verba
340 3225 499 3280 intueamur
533 3225 642 3293 γέλωτος
661 3228 744 3295 χάριν,
771 3225 797 3277 in
833 3223 945 3298 ouibuS,
983 3244 1045 3279 cum
1076 3224 1111 3279 rle
1140 3224 1291 3279 comoedia

111 3344 230 3406 agatur,
266 3331 327 3386 sine
362 3331 449 3386 dubio
479 3332 625 3406 peculiare
649 3331 784 3405 quiddam
810 3332 933 3405 positum
957 3344 1009 3397 est,
1039 3345 1067 3386 et
1092 3344 1186 3386 mente
1210 3351 1291 3407 repe-

113 3452 218 3506 tamus,
244 3455 318 3510 quae
341 3457 429 3514 supra
454 3439 571 3493 deloco
588 3438 733 3510 Anonymi
757 3445 800 3490 καὶ
828 3440 878 3506 γὰρ
906 3437 930 3490 οἱ
953 3440 1055 3508 πρῶτον
1079 3437 1106 3490 ἐν
1128 3438 1227 3510 Ἀττικῇ
1245 3439 1291 3492 κτλ

89 3544 326 3617 ‚adnotavimus
367 3549 501 3615 Hpriomrrn
522 3545 628 3606 ἄτακτα,
656 3546 681 3598 in
706 3544 809 3618 quibus
832 3545 910 3614 γέλως
934 3542 964 3611 ἦν
987 3548 1068 3613 μόνον
1086 3548 1116 3597 τὸ
1133 3567 1291 3599 κατασκευα-

116 3654 231 3720 ζόμενον,
266 3665 294 3707 et
318 3671 459 3727 personas
482 3652 617 3707 scurriles
641 3651 678 3706 al)
705 3651 902 3726 Aristophane
926 3652 1093 3727 plerumque
1117 3664 1185 3726 post
1208 3670 1291 3726 para-

114 3757 209 3813 basim
239 3758 369 3814 inductas
399 3760 471 3814 inter
502 3778 533 3813 sc
558 3759 719 3814 cohaerere
744 3759 939 3813 iudicavimus.
989 3759 1035 3813 Ad
1060 3758 1134 3813 idem
1159 3769 1292 3833 spectant

111 3864 210 3920 'verba
234 3865 376 3918 ἐπεισόδιον
406 3868 433 3918 τὸ
461 3867 488 3918 ἐν
516 3865 639 3932 κωμῳὸιᾴ
668 3866 855 3936 ἑπιφερὸμανον
884 3870 917 3933 τῷ
946 3866 1057 3937 δράματι
1082 3865 1190 3934 γέλωτος
1209 3868 1291 3936 χάριν.

111 3970 222 4027 Verba.
241 3991 312 4029 vero
336 3973 384 4036 ἔξω
405 3976 446 4040 τῆς
467 3975 613 4029 ὑποθέσεως
636 3987 665 4028 et
682 3978 749 4026 κατὰ
761 3976 916 4043 προσθήκην
928 3981 971 4026 καὶ
986 3973 1092 4038 αὔξησιν
1104 3974 1149 4024 τοῦ
1162 3970 1294 4042 δράματος

117 4077 281 4153 significant
309 4080 440 4155 episorlia
464 4080 636 4155 plerumque,
660 4095 726 4155 post
749 4095 948 4154 argumentum
973 4079 1126 4134 artificiose
1150 4078 1292 4133 excultum
