2910 4492
627 397 840 453 „45-

135 559 206 615 ferri
222 559 342 626 soleant,
368 558 501 634 exemplo
518 558 673 614 illustratur
690 558 863 614 Pulcinellae
878 559 1061 636 Neapolitani
1077 558 1126 631 (cs.
1143 558 1317 627 Riccoboni,

135 665 265 721 Histoire
301 665 338 720 du
362 665 476 721 theatre
500 665 605 735 italien,
638 679 706 721 tom.
725 667 745 735 l,
771 686 799 741 p.
820 663 887 743 56),
924 678 1011 739 atque
1040 663 1167 721 Siciliam
1191 666 1314 741 patriam

136 773 281 828 ludionum
320 772 564 848 peregrinantium
604 772 689 828 fuisse
724 773 751 827 in
787 773 990 848 Xenophontis
1018 774 1159 831 Convivio
1195 773 1319 847 legimus

135 879 176 953 (c.
202 881 276 954 12),
313 880 406 935 adiice
441 879 564 954 denique
599 879 676 953 quod
700 879 924 936 Lacedaemone
959 881 1054 936 ludum
1078 880 1312 955 antiquissimum,

135 987 186 1060 qui
209 985 368 1042 exhibebat
392 985 464 1042 duas
487 1004 628 1062 personas
652 987 776 1062 typicas,
789 985 809 1062 ¹)
834 987 939 1042 cultum
964 1006 1038 1057 esse,
1071 988 1159 1043 tradit
1182 985 1318 1042 Sosibius

136 1093 216 1169 apud
245 1093 426 1149 Athenaeum
462 1092 544 1170 (le
569 1092 627 1148 621
658 1091 771 1170 d-e.).
821 1094 933 1163 Quibus
968 1095 1004 1164 de
1040 1096 1134 1151 causis
1170 1093 1313 1161 Zielinski,

137 1219 202 1257 curn
237 1200 274 1256 ad
299 1200 476 1276 episodicam
505 1201 674 1256 comoediae
699 1201 814 1257 Atticae
843 1216 954 1277 partem
978 1202 1160 1258 Doriensium
1189 1201 1314 1256 valuisse

137 1307 318 1364 comoediam
344 1308 509 1378 coniiceret,
541 1308 579 1363 ad
604 1322 713 1364 rectam
737 1308 812 1363 viam
838 1308 956 1383 digitum
981 1309 1100 1365 intendit
1123 1307 1314 1386 (Gliederung

137 1437 166 1492 p.
187 1417 272 1491 244).
319 1416 383 1470 Non
419 1434 490 1470 vero
526 1415 561 1471 de
591 1415 700 1471 Dorica
729 1415 880 1471 comoedia
909 1415 1056 1491 episodice
1079 1415 1209 1492 perlecta
1234 1417 1314 1471 etin

138 1522 265 1578 Atticam
289 1522 428 1577 translata
452 1521 536 1577 nobis
560 1535 605 1577 est
628 1521 824 1597 cogitandum,
849 1521 900 1577 sed
926 1523 953 1577 in
977 1523 1068 1578 altera
1092 1535 1176 1599 parte
1200 1542 1314 1579 comoe-

137 1629 249 1684 diarum
277 1629 455 1704 quarundam
486 1629 690 1705 Aristophanis
719 1630 838 1685 chorum
864 1630 999 1700 Atticum,
1036 1649 1120 1705 quern
1146 1630 1201 1685 iarn
1225 1629 1316 1684 multo

137 1748 205 1792 ante
233 1755 337 1791 annum
368 1753 429 1809 500
451 1756 478 1791 a.
501 1736 570 1792 Chr.
600 1729 719 1812 picturis
747 1735 867 1792 testibus
895 1737 1053 1812 perfectum
1082 1737 1212 1807 vidimus,
1250 1755 1314 1792 cum

137 1861 226 1899 scena
251 1843 369 1898 ioculari
392 1843 501 1899 Dorica
526 1843 706 1899 coniunctum
731 1845 898 1899 invenimus.

212 2033 231 2098 ¹)
250 2037 318 2086 Cecil
331 2036 410 2086 Smith
425 2035 450 2100 (l.
465 2052 486 2086 c.
501 2053 525 2099 p.
537 2039 610 2098 314):
632 2038 787 2102 „Curiously
800 2040 911 2100 enough,
932 2039 1021 2101 inquit,
1035 2040 1077 2086 the
1091 2038 1311 2087 Lacedaemonian

137 2127 205 2175 mimi
233 2127 321 2176 would
345 2142 413 2175 seem
437 2133 464 2175 to
488 2129 553 2175 have
573 2128 624 2175 had
643 2130 686 2176 the
705 2143 777 2176 same
796 2133 849 2176 two
869 2127 994 2176 favourite
1014 2128 1157 2176 characters
1176 2128 1242 2176 wich
1263 2127 1314 2175 still

137 2216 234 2278 delight
253 2216 396 2266 Christmas
415 2217 554 2265 audiences
573 2218 615 2264 the
635 2216 798 2266 fruit-stealer
810 2218 862 2265 and
875 2219 917 2266 the
931 2217 1017 2279 queck
1031 2217 1138 2264 doctor“
1158 2216 1200 2277 (cf.
1214 2216 1316 2265 Usener

139 2305 182 2356 Rh.
203 2305 237 2355 M.
259 2306 299 2363 28,
329 2303 401 2363 1873,
426 2321 450 2368 p.
470 2305 542 2366 425).
588 2306 675 2354 Punch
703 2306 746 2368 qui
775 2306 865 2354 dicitur
892 2306 1093 2354 Britannicorum
1121 2321 1179 2354 cum
1202 2305 1311 2354 Franco-

137 2393 261 2456 gallorum
290 2409 401 2458 persona
420 2395 581 2443 Polichinelle
601 2400 624 2443 et
643 2395 779 2444 Pulcinella
807 2395 926 2443 Italorum
954 2396 1088 2444 cohaerere
1106 2400 1217 2457 putatur,
1247 2409 1315 2457 quae

139 2483 171 2530 ad
200 2483 342 2532 Atellanam
370 2484 540 2532 Romanorum
568 2484 673 2532 retertur
701 2483 801 2544 (Munk,
831 2485 867 2532 De
889 2482 986 2534 fabulis
1008 2485 1131 2534 Atellanis
1156 2499 1180 2546 p.
1196 2484 1228 2533 28
1244 2475 1318 2546 sqq.)v

137 2572 175 2619 Ac
188 2571 360 2622 Wilamowitz
380 2574 449 2634 (Eur.
464 2574 562 2622 Herael.
583 2574 592 2622 l
611 2589 635 2636 p.
650 2569 695 2638 53)
715 2574 776 2622 illud
796 2579 874 2622 vocat
892 2574 918 2622 in
937 2574 1114 2637 quaestionem
1127 2589 1213 2622 nonne
1225 2573 1311 2637 potius

138 2662 279 2710 commedia
306 2677 373 2725 quae
401 2663 491 2712 dicitur
519 2663 576 2712 dell'
605 2670 658 2712 arte
686 2665 719 2712 ab
743 2663 812 2712 ltalis
832 2665 867 2712 ad
887 2664 1024 2712 Dorienses
1044 2663 1153 2712 Siciliam
1172 2663 1313 2712 incolentes

139 2749 272 2801 transierit.
310 2751 411 2800 Licetne
431 2767 575 2801 connexum
594 2753 719 2815 suspicari
739 2754 802 2801 inter
821 2754 896 2801 ludos
910 2752 1168 2802 Lacedaemoniorum
1182 2768 1198 2800 a
1210 2752 1313 2801 Sosibio

140 2837 283 2901 descriptos
302 2845 327 2888 et
345 2842 511 2890 recentiorum
530 2842 682 2906 populorum
701 2857 826 2905 personas
846 2845 879 2891 ab
898 2844 1015 2891 Atellana
1034 2843 1203 2906 repetendas?
1235 2841 1312 2905 Quod

141 2926 162 2974 si
189 2927 224 2976 ita
246 2934 292 2988 est,
322 2930 354 2978 ad
378 2930 445 2978 illam
464 2931 656 2980 Wilamowitzri
680 2933 856 2994 quaestionem
875 2944 914 2981 est
933 2933 1140 2994 respondendum
1160 2932 1235 2981 etiarn
1256 2945 1312 2978 eam

141 3019 217 3064 artem
236 3033 252 3066 a
271 3018 376 3067 Graecis
405 3020 438 3068 ad
462 3020 538 3069 ltalos
568 3021 709 3069 transiisse.
748 3023 786 3068 An
807 3023 893 3083 potius
912 3028 1017 3085 uterque
1037 3023 1148 3084 populus
1168 3037 1242 3070 suum
1263 3021 1313 3069 sibi

141 3102 224 3154 ludum
245 3107 369 3156 excoluit?
390 3105 432 3172 (cs.
453 3109 604 3168 Mommsen,
625 3111 694 3158 Rom.
715 3110 807 3159 Gesch.
828 3111 854 3168 ll,
874 3126 897 3172 p.
919 3111 991 3172 438.)
