2910 4492
140 567 299 622 Britannici
334 567 371 622 ad
407 585 498 621 annos
536 583 709 639 500—450
741 586 768 621 a.
794 566 864 622 Chr.
900 566 1082 622 referendam
1118 586 1183 622 esse
1212 578 1319 621 censet.

144 672 325 746 Quamquam
356 693 426 730 vero
458 675 605 729 vasculum
634 692 705 728 mus.
732 674 827 730 Berol.
853 692 899 729 no.
923 673 1015 746 1830,
1046 674 1125 728 cuius
1149 674 1262 749 pictura
1286 674 1320 727 si-

143 779 258 834 millima
286 795 331 836 est
359 783 489 857 picturae
520 782 630 837 vasculi
658 781 859 849 LondinensiS,
897 794 1018 857 propter
1047 781 1134 856 pallia
1159 780 1320 854 elegantius

143 886 286 943 delineata
310 889 419 964 optimo
444 890 503 945 iure
527 908 545 942 a
570 888 810 962 Furtwaenglero
834 889 970 944 insertum
994 901 1039 944 est
1056 906 1191 943 vasorum
1207 887 1318 960 generi,

137 994 218 1066 quod
243 994 407 1050 inscribitur
434 994 593 1071 »Spaterer
615 995 889 1069 schwarzfiguriger
912 993 1008 1068 Styl«,
1039 1008 1143 1063 tamen,
1174 1013 1209 1048 ne
1238 994 1319 1048 nimis

138 1102 250 1156 recenti
273 1104 362 1157 aetati
385 1117 535 1176 utrumque
559 1103 726 1173 tribuamus,
755 1102 838 1157 nobis
862 1103 916 1158 erit
941 1102 1110 1157 cavendum.
1158 1103 1231 1155 Nam
1256 1119 1320 1154 vas-

142 1208 196 1262 culi
220 1228 267 1264 no.
291 1209 371 1284 1830
396 1230 467 1266 mus.
490 1210 585 1266 Berol.
611 1210 702 1265 [orma
727 1223 755 1266 et
778 1210 883 1286 pedum
909 1210 1071 1278 delineati0,
1097 1209 1171 1262 ratio
1196 1208 1319 1280 denique

141 1315 279 1390 pingendi
301 1319 401 1373 oculos
425 1319 451 1373 in
476 1318 595 1373 vasculo
611 1318 788 1374 Londinensi
811 1317 940 1372 adhibita
963 1317 1000 1371 ad
1016 1317 1087 1371 satis
1103 1317 1219 1388 antiqua
1237 1333 1319 1389 spec·

143 1434 204 1478 tant
227 1437 369 1500 tempora.
418 1426 555 1482 Archaea
580 1445 651 1481 vero
675 1426 787 1480 ratione
810 1426 973 1481 recentiore
993 1436 1089 1478 aetate
1105 1421 1251 1498 perlectas
1268 1439 1318 1476 eas

139 1529 269 1603 picturas
293 1550 349 1586 non
373 1532 576 1608 suspicabitur,
602 1533 763 1606 quicunque
787 1532 947 1607 respexerit
971 1532 1112 1606 pictorum
1130 1529 1239 1584 illorum
1257 1529 1318 1582 sine

142 1635 230 1692 dubio
254 1638 423 1709 interfuisse,
453 1653 483 1694 ut
498 1659 583 1713 quam
600 1640 731 1715 proxime
747 1640 784 1694 ad
801 1652 932 1693 naturam
948 1639 990 1693 rei
1007 1651 1073 1693 ante
1089 1637 1189 1692 oculos
1204 1636 1318 1710 positae

141 1744 168 1797 in
192 1745 338 1819 pingendo
367 1766 398 1802 se
430 1748 620 1823 applicarent.
669 1747 756 1815 Quod
779 1747 803 1801 si
827 1745 954 1801 archaea
978 1745 1116 1820 pingendi
1139 1744 1251 1798 ratione
1275 1743 1318 1796 usi

137 1865 245 1920 essent,
282 1854 337 1928 ipsi
371 1853 426 1909 sibi
461 1874 586 1910 summas
622 1854 803 1909 difficultates
832 1865 994 1928 parassent.
1042 1851 1196 1908 Vasculum
1221 1863 1316 1904 autem

140 1977 211 2012 mus.
235 1961 329 2016 Berol.
355 1981 401 2016 uo.
425 1962 516 2037 1697,
543 1963 621 2017 cuius
645 1962 757 2036 pictura
774 1960 970 2032 antiquissima
988 1960 1099 2015 ratione
1115 1972 1158 2014 est
1174 1957 1315 2032 perlecta,

140 2085 157 2119 a
182 2067 420 2142 Furtwaenglero
457 2070 483 2124 in
519 2088 617 2124 eorum
653 2087 771 2124 numero
800 2080 844 2122 est
872 2066 1054 2135 collocatum,
1091 2064 1193 2138 quibus
1217 2082 1316 2138 super-

138 2172 275 2247 scriptum
310 2187 355 2229 est
382 2162 516 2231 »lllterer
550 2175 823 2250 schwarzfiguriger
852 2172 924 2246 Styl,
957 2173 985 2228 6.
1008 2171 1235 2247 Jahrhundert«.
1284 2168 1316 2224 Si

137 2279 217 2334 circa
242 2300 333 2336 anuos
359 2283 532 2352 520—480
558 2303 584 2338 a.
603 2283 672 2338 Chr.
697 2283 751 2336 tria
776 2282 823 2336 illa
848 2300 919 2336 vasa
936 2295 1038 2335 exorta
1054 2299 1119 2334 1331
1136 2279 1211 2353 dico,
1239 2278 1314 2332 haud

138 2386 177 2440 ita
202 2406 312 2462 paucos
336 2390 550 2464 archaeologos
573 2391 764 2444 assentientes
787 2407 875 2463 spero
900 2407 944 2442 me
970 2387 1131 2442 habiturum
1156 2405 1230 2440 esse.

229 2496 386 2569 Quousque
415 2516 449 2551 ea
479 2509 575 2552 aetate
604 2496 783 2551 comoediam
808 2514 995 2570 progressam
1021 2494 1106 2548 luisse
1132 2506 1314 2547 monumenta

136 2604 294 2656 testantur?
334 2604 456 2658 Primum
481 2603 595 2676 quidem
619 2622 729 2678 ponere
753 2602 859 2671 licebit,
885 2603 1026 2677 pictorem
1048 2601 1122 2655 illum
1140 2614 1228 2655 totum
1246 2599 1315 2654 cho-

138 2727 199 2763 rum
224 2722 290 2765 ante
314 2711 414 2765 oculos
439 2710 585 2779 habuisse,
611 2729 647 2765 ex
671 2729 727 2783 quo
752 2710 863 2782 aliquos
881 2710 1036 2763 choreutas
1052 2708 1161 2763 clectos
1178 2726 1232 2760 una
1250 2726 1314 2761 cum

138 2814 254 2872 tibicine
290 2818 316 2872 in
345 2819 464 2873 vasculo
493 2819 630 2894 depinxit.
683 2817 769 2886 Quod
794 2817 817 2872 si
842 2818 880 2871 ita
904 2829 957 2881 est,
988 2815 1119 2889 equidem
1152 2833 1314 2868 monumen-

135 2935 229 2978 torum
258 2944 325 2980 usus
349 2926 526 2993 testimoniis,
556 2926 634 2981 circa
658 2945 762 2979 annum
790 2943 850 2998 500
876 2943 902 2979 a.
928 2924 998 2978 Chr.
1023 2923 1153 2977 actiones
1178 2921 1313 2976 choricas

137 3029 293 3103 Dionysias
304 3031 324 3109 ¹)
349 3034 375 3087 in
393 3033 490 3088 Attica
515 3033 600 3088 luisse
615 3023 745 3088 ¹usitatas
768 3031 912 3087 contendo
936 3043 1016 3085 tanto
1041 3032 1096 3084 iam
1120 3041 1264 3103 apparatu
1285 3041 1314 3083 et

58 3154 60 3157 ·
137 3156 325 3212 personarum
361 3153 390 3195 et
418 3141 537 3196 vestitus
573 3141 775 3196 choreutarum
805 3139 1043 3211 musicorumque,
1080 3151 1189 3191 utnon
1214 3148 1313 3210 posset

136 3243 207 3311 fieri,
233 3248 299 3319 quin
323 3246 467 3322 publicum
492 3248 614 3302 studium
640 3259 796 3302 moverent.
834 3246 919 3314 Quae
942 3245 1081 3311 actiones,
1107 3245 1130 3299 si
1155 3244 1197 3298 vis
1222 3246 1310 3311 κῶμοι,

136 3365 244 3407 tantam
269 3355 478 3410 similitudinem
502 3374 565 3410 cum
591 3354 741 3410 comoedia
768 3353 983 3428 Aristophanea
1007 3351 1145 3408 exhibent
1168 3364 1197 3404 ut
1221 3370 1256 3405 ex
1280 3351 1312 3404 iis

135 3461 306 3516 comoediae
330 3461 446 3518 Atticae
470 3463 639 3518 elementum
665 3461 811 3516 choricum
836 3462 929 3536 prima
953 3461 1014 3515 sine
1031 3459 1118 3514 dubio
1136 3459 1311 3512 incrementa

135 3568 256 3643 ceperit.
303 3569 328 3624 E
353 3583 454 3624 natura
481 3584 526 3625 est
549 3588 643 3624 rerum
668 3569 730 3623 aliis
754 3567 925 3642 quibusdam
949 3564 1165 3639 quaestionibus
1182 3585 1198 3620 e
1215 3583 1312 3619 monu-

137 3675 238 3730 mentis
273 3677 378 3731 nostris
413 3677 481 3731 nihil
517 3676 688 3752 responderi
716 3694 812 3751 posse,
849 3674 918 3729 nihil
947 3673 983 3728 de
1007 3691 1115 3748 genere
1139 3672 1309 3737 saltationis,

136 3781 204 3836 nihil
228 3795 363 3856 quantum
389 3785 526 3859 temporis
543 3783 793 3839 commessantium
810 3783 887 3837 actio
903 3782 1072 3856 expleverit.
1108 3781 1153 3836 Ad
1170 3796 1311 3853 personas

209 4028 227 4094 ¹)
247 4034 320 4082 Recte
344 4034 372 4082 C.
393 4033 481 4091 Smith,
509 4033 524 4084 l.
545 4047 566 4080 c.
590 4047 615 4095 p.
635 4033 693 4091 310,
723 4032 878 4080 ornamentis
907 4031 1052 4078 hederaceis
1081 4030 1130 4077 vim
1162 4030 1310 4091 Dionysiam

134 4122 221 4170 inesse
240 4123 308 4173 dicit.
