2910 4492
661 392 876 428 -22-

179 568 304 628 poetam,
331 555 354 608 is
378 568 421 608 est
445 553 647 608 Pherecrates.
694 553 740 608 De
763 573 821 626 quo
845 553 979 608 Zielinski
1003 574 1031 628 p.
1053 571 1102 626 23.
1120 573 1179 627 sm:
1221 553 1280 607 »Er
1306 552 1358 607 hat

179 673 213 714 zu
237 661 289 715 der
313 660 481 715 komischen
505 659 645 734 Gattung,
672 660 717 715 die
741 679 793 714 uns
818 661 985 727 interessirt,
1012 678 1068 714 von
1092 661 1166 716 allen
1191 659 1246 715 den
1263 660 1358 715 reich·

180 767 301 823 lichsten
337 768 454 840 Beitrag
489 765 652 840 gelielertr.
710 809 850 821 .....
886 766 1099 822 »Pherekrates
1135 766 1184 820 hat
1220 765 1359 839 folgende

177 873 476 929 >Marchenkomddien
493 873 701 948 geschrieben:
724 875 779 929 Die
796 873 901 943 Guten,
920 874 974 929 Die
987 873 1113 942 Wilden,
1131 873 1185 928 Die
1204 873 1356 942 Metallier,

180 981 235 1036 Die
260 980 552 1036 Ameisenmenschen
581 981 637 1035 und
667 982 722 1037 Die
750 982 884 1037 Persen«
946 979 1005 1036 Sed
1039 980 1121 1036 nVon
1146 980 1201 1034 den
1225 979 1356 1048 Guten«,

175 1090 270 1160 inquit
293 1089 364 1163 ipse,
406 1088 527 1142 »wissen
564 1088 616 1140 wir
652 1087 762 1143 lreilich
792 1088 866 1143 auch
895 1088 974 1142 nicht
998 1087 1085 1142 viel«.
1134 1087 1179 1142 De
1204 1086 1358 1142 Metallicis

182 1195 349 1250 Athenaeus
378 1194 442 1250 XV.
476 1192 515 1248 68
522 1212 537 1265 5
558 1214 600 1248 a.:
630 1196 660 1246 ‘0
682 1197 828 1261 πεποιηκὼς
850 1198 908 1250 tois
931 1191 967 1251 εἰς
991 1195 1069 1247 αὐτὸν
1096 1197 1266 1265 (Φερεκράτη)
1292 1194 1358 1246 ἀνα-

181 1300 336 1374 φερομένους
358 1301 503 1356 Μεταλλεῖς
526 1314 555 1354 et
578 1299 614 1355 de
630 1301 726 1355 Persis
750 1301 870 1356 ibidem:
896 1309 941 1354 καὶ
954 1303 968 1353 ὑ
981 1304 1141 1372 Φερεκράτης
1154 1300 1170 1367 ἢ
1184 1303 1198 1354 ὁ
1211 1285 1361 1366 annotandis

180 1411 210 1460 τὸ
233 1407 321 1479 δρᾶμα
343 1408 401 1463 τοὺς
428 1412 530 1480 Πέρσας
541 1405 571 1483 ¹).
622 1411 669 1468 tle
693 1407 977 1484 Myrmecanthropis
1006 1426 1069 1462 cum
1098 1427 1134 1463 ne
1158 1406 1359 1462 credulissimo

181 1514 295 1590 quidem
323 1514 457 1569 Zielinski
485 1517 662 1591 persuaserit
689 1515 730 1590 (p.
759 1513 820 1587 28),
851 1534 907 1570 una
935 1529 1026 1570 restat
1051 1515 1143 1589 Agrii.
1196 1514 1280 1582 Quae
1310 1531 1361 1568 co·

182 1622 304 1691 moedia,
341 1641 513 1697 quamquam
549 1622 616 1677 mihi
645 1621 681 1678 de
705 1623 765 1676 eius
789 1637 959 1696 argumento
984 1622 1111 1679 nonnihil
1135 1622 1268 1677 Zielinski
1293 1642 1361 1699 per-

181 1730 279 1798 suasit,
305 1741 409 1798 tamen,
432 1748 469 1784 an
486 1730 562 1785 omni
578 1729 760 1785 vellicatione
778 1729 880 1784 civium
897 1743 925 1784 et
942 1730 1159 1804 magistratuum
1175 1727 1358 1799 abstinuerit,

182 1837 293 1891 nescio:
330 1850 358 1890 et
376 1836 496 1910 ¹fragm.
520 1834 538 1890 6
564 1849 592 1891 et
616 1836 719 1910 fragm.
742 1851 778 1906 14
804 1835 881 1891 olent
910 1836 977 1891 illud
1001 1836 1126 1905 ὀνομαστὶ
1145 1836 1286 1906 κωμῳδεῖν.
1325 1837 1359 1891 ld

123 1926 125 1931 ⁴
181 1943 272 2005 solum
297 1957 405 1998 certum
429 1957 482 2013 est,
508 1957 705 2018 argumentum
730 1941 875 2016 quoddam
901 1942 986 1998 fuisse
1010 1944 1104 2018 poetis
1128 1945 1272 2012 usitatum,
1298 1964 1358 2018 qno

182 2051 382 2124 protagonista
406 2050 473 2106 odio
498 2050 641 2106 hominum
666 2063 825 2104 commotus
850 2051 877 2103 in
897 2049 1077 2106 solitudinem
1093 2069 1125 2105 se
1142 2049 1273 2119 abderet,
1299 2070 1361 2124 quo

182 2171 352 2230 argumento
375 2156 566 2212 Pherecrates
595 2159 621 2211 in
647 2157 745 2230 Agriis
772 2175 839 2210 usus
863 2169 916 2223 est,
942 2156 1156 2232 Aristophanes
1180 2157 1207 2211 in
1232 2156 1357 2227 Avibus,

183 2277 211 2318 et
235 2265 257 2318 si
282 2263 349 2336 quid
377 2283 414 2319 ex
441 2265 504 2320 solo
529 2264 609 2319 titulo
638 2263 777 2338 colligere
806 2264 881 2333 licet,
911 2263 1094 2336 Phrynichus
1118 2264 1145 2318 in
1171 2265 1360 2339 Monotropo.

184 2371 317 2426 Ceterum
341 2372 436 2426 omnia
460 2391 534 2445 quae
558 2384 718 2426 tractantur
739 2370 895 2444 Agriorum
920 2370 1082 2445 fragmenta
1106 2384 1172 2425 ante
1189 2370 1360 2446 parabasim
1426 2347 1428 2351 .

183 2479 277 2552 posita
302 2477 387 2532 fuisse
411 2479 563 2534 verisimile
587 2478 708 2533 videtur.
757 2477 919 2545 Quamnam
944 2477 1059 2533 fabulae
1083 2479 1169 2533 luisse
1193 2476 1360 2533 uberiorem

184 2586 398 2640 exornationem
423 2600 507 2660 putas
532 2600 597 2661 post
625 2584 808 2660 parabasim?
846 2585 955 2640 Eodem
985 2585 1080 2660 modo,
1119 2586 1146 2639 ni
1170 2584 1263 2654 lallor,
1300 2605 1364 2658 quo

184 2694 211 2746 in
235 2691 347 2746 Avibus
373 2693 587 2747 Atheniensium
612 2711 659 2747 res
683 2689 799 2766 publica
824 2693 850 2745 in
875 2692 1016 2761 absentia,
1042 2706 1072 2746 ut
1088 2693 1127 2746 ita
1145 2692 1248 2760 dicam,
1274 2692 1361 2746 casti-

184 2812 253 2873 gata
277 2812 332 2853 est.

273 2905 416 2974 Zielinski,
441 2925 614 2980 quamquam
636 2925 672 2961 ex
688 2907 768 2962 titulo
785 2907 904 2962 chorum
921 2905 1196 2980 theriomorphicum
1214 2904 1363 2961 indicante

185 3033 220 3068 ne
244 3028 352 3068 temere
376 3013 589 3087 paramythiam
614 3015 721 3070 divinet
746 3013 933 3068 comoediam
949 3012 1117 3087 plerumque
1142 3024 1235 3080 cavet,
1262 3023 1362 3067 tamen

185 3139 221 3175 ex
249 3120 302 3174 illis
330 3119 461 3175 versibus
487 3119 691 3195 Aristophanis
722 3121 808 3195 (Equ.
837 3137 896 3192 5²2
916 3122 973 3193 sq.)
1003 3120 1141 3193 colligere
1165 3137 1221 3173 non
1247 3118 1363 3174 dubitat

185 3228 349 3301 Magnetem
385 3226 470 3281 fuisse
504 3227 707 3301 paramythiae
743 3227 912 3283 comoediae
940 3240 1056 3301 poetam
1088 3226 1314 3299 antiquissimum
1325 3221 1360 3305 ²).

186 3334 251 3402 Qua
287 3333 322 3387 de
352 3352 382 3388 re
413 3333 480 3407 quid
504 3335 624 3388 sentiam
648 3353 736 3409 supra
765 3335 893 3408 exposui,
931 3352 1024 3406 neque
1053 3334 1139 3387 totius
1163 3331 1249 3386 libelli
1274 3351 1365 3407 argu-

185 3441 321 3495 mentatio
345 3453 389 3495 est
413 3440 526 3509 idonea,
551 3459 626 3514 quae
646 3441 713 3495 mihi
730 3459 851 3515 pravam
869 3439 964 3494 adhue
982 3439 1017 3494 de
1034 3439 1184 3496 comoedia
1202 3439 1363 3512 Magnetea

186 3547 309 3601 valuisse
344 3547 507 3622 opinionem
542 3547 727 3621 persuadeat.
778 3547 912 3602 Attamen
947 3547 1017 3601 satis
1047 3548 1119 3601 inest
1144 3546 1235 3600 meriti
1260 3546 1287 3600 in
1311 3565 1363 3617 e0,

260 3736 277 3803 ¹)
298 3740 413 3788 Meineke
433 3741 508 3801 (Hist.
528 3741 581 3789 crit.
601 3756 622 3789 c.
642 3743 671 3789 A.
692 3757 715 3804 p.
731 3742 764 3789 08
778 3738 846 3803 sqq.)
875 3740 1096 3802 grammaticorum
1125 3744 1237 3787 veterum
1265 3739 1364 3789 iudicio

186 3830 234 3878 levi
253 3834 352 3877 tantum
372 3829 539 3878 dubitationis
559 3830 744 3891 significatione
764 3845 839 3878 suum
859 3830 988 3893 opposuit,
1009 3830 1044 3878 ita
1057 3835 1084 3877 ut
1097 3829 1129 3876 ad
1143 3843 1200 3876 eum
1214 3827 1366 3889 simpliciter

185 3933 325 3982 provocare
345 3917 387 3965 vix
407 3919 450 3966 Z'o
470 3919 551 3967 liceat.

258 4001 278 4069 2)
298 4007 329 4055 cs.
350 4008 504 4070 Gliederung
528 4023 552 4070 p.
572 4009 629 4056 241.
656 4009 699 4056 ubi
723 4009 794 4056 addit
814 4008 956 4071 „Schdpser
974 4008 1007 4055 im
1027 4007 1130 4055 antiken
1150 4006 1253 4065 Sinne“,
1278 4007 1313 4055 ita
1335 4017 1366 4059 ut

186 4097 260 4145 etiam
280 4097 445 4158 antiquiorem
465 4097 592 4158 Magnetis
611 4103 693 4146 aetate
714 4097 872 4145 comoediam
891 4097 1076 4159 pararnythiam
1096 4096 1171 4143 dieat.
