2910 4492
111 493 125 527 ἱ

619 407 835 461 -.14-

131 589 190 644 qua
215 572 293 626 viros
317 572 420 627 doctos
443 571 482 624 uti
506 569 645 639 videmuS,
670 589 726 624 non
751 583 795 624 est
818 571 978 639 toleranda,
1005 571 1169 627 Aristotelis
1186 570 1232 625 illa
1249 589 1311 625 sen-

134 678 222 734 tentia
247 697 310 733 cum
335 679 523 734 monumentis
547 677 694 732 conciliari
718 677 932 750 quodammodo
956 691 1062 755 potest.

222 787 287 840 Non
310 785 379 840 mihi
402 799 447 841 est
471 785 496 839 in
521 785 616 840 animo
640 803 740 840 eorum
763 784 866 841 turbae
887 786 1040 856 accedere,
1066 786 1114 859 qui
1130 786 1312 841 coniecturas

134 892 181 946 alii
216 893 288 947 aiias
316 891 476 962 ediderunt,
513 891 594 947 illud,
609 892 794 962 enucleaturi,
831 876 980 966 quousque
1008 907 1057 948 aut
1082 893 1311 948 Acharnensium

133 1017 182 1054 vv.
210 1017 225 1054 2
233 1017 383 1074 59-279
416 1019 479 1054 cum
503 999 630 1068 scholiis,
667 1012 717 1053 aut
740 999 885 1056 Athenaei
909 999 1000 1056 verba
1024 995 1105 1079 (XIV
1130 997 1191 1054 622
1219 1000 1312 1073 c—d)

135 1106 239 1162 idonea
263 1107 327 1177 sint,
357 1125 432 1179 quae
457 1105 660 1162 Aristoteleam
686 1107 880 1162 coniecturam
905 1108 1053 1175 illustrent,
1079 1107 1107 1162 id
1131 1119 1184 1176 est,
1209 1125 1313 1179 quous-

135 1232 191 1286 que
226 1233 262 1269 ex
297 1214 330 1268 iis
361 1213 531 1269 comoediae
554 1213 734 1288 primigenae
758 1212 871 1269 eluceat
895 1215 1000 1289 imag0,
1037 1233 1091 1269 nec
1115 1232 1177 1268 sum
1201 1215 1313 1286 quaesi-

134 1333 223 1390 turus,
260 1339 317 1394 quo
352 1334 483 1395 tempore
519 1339 585 1375 rure
614 1321 641 1374 in
668 1318 769 1375 urbem
798 1322 937 1376 translata
960 1322 997 1376 sit
1021 1321 1182 1390 comoedia,
1219 1339 1313 1393 neque

135 1440 275 1500 quatenus
303 1428 395 1484 forma
423 1427 577 1503 parabasis
606 1429 633 1482 in
661 1428 794 1503 phallicis
828 1429 884 1484 iam
913 1429 1069 1484 constituta
1093 1428 1185 1498 fuerit,
1222 1429 1313 1502 iisque

134 1535 250 1608 similia3
287 1555 322 1592 ea
357 1537 427 1591 satis
462 1549 549 1609 atque
573 1535 682 1592 affatim
711 1549 836 1592 tractata
859 1550 925 1592 sunt
935 1536 965 1610 ¹).
1012 1537 1058 1592 De
1082 1537 1313 1592 Acharnensium

135 1642 262 1718 phallico
286 1644 413 1698 carmine
437 1644 580 1698 assentior
596 1644 789 1717 Bernhardyo
809 1638 1014 1722 (Litt.-Gesch.
1040 1645 1065 1698 Il
1083 1661 1111 1699 2.
1136 1664 1165 1719 p.
1186 1646 1262 1718 509)
1286 1658 1314 1700 et

136 1749 263 1824 Bergkio
280 1745 485 1829 (Litt.-Gesch.
503 1749 551 1806 lV.
577 1771 606 1826 p.
625 1745 666 1830 9),
692 1752 795 1807 deesse
819 1753 845 1806 ei
870 1752 1008 1807 dramatis
1032 1751 1202 1807 elementum
1219 1751 1314 1806 dicen-

136 1856 220 1917 tibus,
274 1842 360 1924 Quod
389 1854 492 1912 Semus
520 1857 620 1912 Delius
644 1858 721 1933 apud
746 1858 927 1914 Athenaeum
956 1857 986 1934 (1,
1013 1878 1037 1918 c.
1064 1856 1158 1933 e-d)
1186 1857 1313 1933 phallica

135 1963 279 2036 quaedam
314 1963 460 2032 describit,
497 1963 595 2018 verbis
623 1983 691 2019 usus
714 1964 852 2040 parabasi
876 1966 1011 2040 propriis,
1043 1985 1080 2021 ex
1104 1965 1199 2020 animo
1224 1965 1315 2040 suspi-

135 2072 247 2126 cionem
271 2071 376 2126 eiicere
400 2089 457 2125 non
480 2089 598 2146 possum
622 2071 697 2126 illum
721 2072 949 2146 grammaticum,
975 2074 1023 2145 qui
1046 2070 1175 2145 Sicyone
1199 2071 1226 2126 in
1241 2070 1314 2126 urbe

135 2178 244 2233 Dorica
268 2178 336 2232 talia
360 2179 465 2233 usitata
489 2179 575 2234 luisse
596 2175 713 2256 dicat2),
739 2198 756 2234 a
773 2198 844 2234 vero
861 2179 1014 2234 deductum
1031 2198 1096 2235 esse
1113 2179 1270 2254 cupiditate
1286 2191 1315 2234 et

135 2285 230 2340 studio
255 2285 419 2340 Aristotelis
446 2286 615 2341 sententiam
645 2286 853 2362 interpretandi
881 2287 929 2356 ita,
966 2287 1048 2360 quasi
1072 2305 1109 2342 ex
1132 2285 1248 2341 Doricis
1271 2306 1314 2342 re-

136 2391 269 2466 gionibus
305 2392 456 2448 comoedia
490 2392 617 2468 phallica
652 2406 716 2448 orta
752 2390 869 2466 esset3).
916 2393 1109 2449 Phallicorum
1137 2411 1209 2448 vero
1234 2406 1315 2449 certo

136 2518 245 2574 genere
268 2511 335 2554 ante
359 2500 459 2555 oculos
482 2501 590 2575 posit0,
616 2501 643 2555 in
668 2519 725 2574 quo
749 2519 824 2573 quae
840 2500 942 2556 similia
959 2513 1041 2556 erant
1059 2500 1228 2556 comoediae
1245 2503 1314 2557 anti-

135 2624 212 2679 quae
235 2607 351 2676 invenit,
377 2607 549 2662 Aristoteles
573 2607 610 2662 ad
635 2608 710 2662 illam
735 2608 897 2682 opinionem
919 2607 1060 2662 adductus
1076 2620 1129 2663 est.
1163 2608 1313 2676 Quaenam

137 2714 249 2782 luerint,
285 2714 309 2768 si
344 2715 468 2786 quaeriS,
505 2733 562 2788 ego
598 2727 677 2770 certe
712 2715 892 2771 saltationem
928 2729 957 2770 et
985 2715 1138 2770 vellicandi
1166 2715 1315 2771 adstantes

211 2956 230 3023 ¹)
250 2962 343 3010 Eorum
363 2962 473 3020 nomina,
495 2962 538 3024 qui
557 2964 588 3011 de
601 2963 749 3012 comoediae
764 2963 859 3025 origine
873 2963 1036 3025 scripserunt,
1057 2963 1154 3012 eonsert
1167 2963 1313 3027 Bemhardy

138 3049 312 3115 (Litt-Gesch.
332 3051 385 3098 112.
406 3066 430 3116 p.
445 3048 515 3115 509),
541 3067 635 3112 eorum,
655 3053 698 3115 qui
717 3054 749 3100 de
768 3053 887 3114 parabasi
906 3052 1070 3114 quaestiones
1091 3053 1231 3111 ediderunt,
1256 3068 1313 3101 con-

137 3140 220 3202 gessit
237 3140 345 3189 Amoldt
364 3139 542 3202 (Chorpartien
562 3142 601 3190 bei
620 3143 806 3204 Aristophanes
825 3157 849 3203 p.
867 3138 935 3207 140).

210 3224 231 3295 2)
250 3229 362 3279 Eosdem
387 3230 435 3278 dici
459 3231 643 3292 phallophoros
662 3233 745 3280 Athen
758 3231 814 3280 XIV
834 3232 894 3281 (221.
913 3247 969 3294 sqq.
990 3238 1065 3295 atque
1085 3232 1144 3280 622.
1165 3234 1232 3280 e—d
1251 3235 1315 3282 ultro

139 3324 249 3368 statuere
269 3318 360 3369 licebit.

209 3401 387 3470 ⁸)A1tereatio
413 3409 456 3457 illa
481 3408 595 3469 (Aristot.
615 3410 683 3457 Poet.
708 3410 773 3459 1448
793 3425 815 3457 a.
837 3405 889 3474 30),
915 3415 998 3458 utrum
1018 3410 1162 3468 Dorienses,
1188 3425 1221 3458 an
1241 3410 1314 3459 Attici

138 3497 285 3547 comoediae
304 3497 415 3546 habendi
435 3498 486 3546 sint
505 3498 660 3554 inventores
681 3499 902 3560 grammaticorum
924 3499 1023 3546 animos
1037 3513 1068 3546 ne
1081 3499 1164 3560 magis
1177 3499 1315 3548 turbaverit

138 3601 234 3646 vereor,
254 3601 332 3649 quam
351 3587 427 3636 nobis
447 3603 478 3636 ex
497 3603 602 3650 operum
622 3602 708 3636 eorum
727 3588 799 3636 ruina
818 3602 975 3650 cognoscere
994 3589 1056 3636 licet.
1091 3586 1157 3635 Semi
1176 3588 1243 3636 illam
1263 3588 1315 3651 opi·

138 3676 240 3725 nionem
268 3677 337 3725 haud
365 3677 400 3725 ita
424 3677 578 3739 singularem
598 3677 678 3725 fuisse
697 3677 867 3739 Anthologiae
886 3677 1015 3726 Palatinae
1035 3678 1190 3739 epigramma
1209 3682 1317 3726 testatur

138 3765 171 3814 XI
191 3767 223 3815 32
247 3784 275 3808 =
298 3781 336 3830 ep.
358 3767 380 3817 2.
402 3767 469 3815 1113.
490 3767 556 3815 lac:

352 3852 459 3916 Μούσης
477 3853 617 3916 νονθεσίην
637 3850 833 3918 φιλοπαίγμονα
852 3845 938 3920 εὕρετο
958 3853 1065 3918 Βάκχος,

423 3936 444 3990 ὦ
463 3941 570 4001 Σικυὼν,
592 3939 618 3991 ἔν
638 3960 679 3991 σοι
697 3941 784 4006 κῶμον
804 3937 874 4007 ἄγων
893 3942 1024 4010 Χαρίτων,

353 4027 385 4079 dri
403 4029 453 4097 γὰρ
473 4027 577 4098 ἔλεγχον
597 4028 648 4095 ἔχει
666 4027 858 4097 γλυκερώτατον
877 4028 905 4080 ἔν
922 4050 949 4082 τε
968 4029 1057 4097 γέλωτι

426 4120 531 4186 κέντρον
550 4118 594 4184 sni
612 4119 721 4184 μεθύων
741 4117 819 4169 ἀστὸν
839 4117 1017 4186 ἐσωφρόνισεν.
