2910 4492
607 391 641 397 .,
696 375 732 430 2,
785 391 821 396 ,,

123 535 200 610 quod
223 535 357 590 Zielinski
387 535 424 589 ad
450 535 654 611 Aristophanis
685 555 759 609 quae
784 549 898 590 exstant
921 535 1088 591 comoedias
1112 536 1296 611 paramythia

124 641 223 698 nullius
246 643 380 698 momenti
405 660 462 696 non
487 641 571 697 luisse
595 643 681 697 etiarn
706 641 862 717 philologis
891 643 918 697 in
947 640 1105 697 dubitando
1129 640 1297 698 obstinatio-

124 749 201 804 ribus
236 747 326 804 credo
360 747 506 824 probavit.
554 746 614 803 Sed
650 767 703 803 nec
732 748 838 803 chorus
862 749 1045 825 phantastice
1070 750 1200 805 inventus
1224 749 1297 804 sicut

124 854 254 925 Nubium,
280 873 334 911 nec
358 855 520 911 animalium
545 855 671 911 inductio
695 857 768 910 sicut
791 855 964 932 Vesparum,
995 856 1108 925 Avium,
1140 857 1295 925 Ranarum,

125 981 176 1018 nec
202 961 325 1038 ,demum
361 960 458 1017 fabula
494 962 531 1016 ad
567 976 737 1037 argumenta
774 963 1021 1038 paramythiorum
1050 963 1196 1039 applicata
1225 962 1297 1017 sicut

124 1069 215 1138 Pacis,
241 1090 257 1125 a
283 1068 433 1124 comoedia
459 1069 575 1144 politica
600 1082 665 1123 sunt
688 1070 791 1124 aliena.

634 1549 720 1603 CAP.
749 1551 779 1603 ll.

702 1713 725 1747 1.

213 1816 285 1884 Quis
316 1829 361 1870 est
388 1819 455 1891 quin
479 1817 553 1872 sciat
577 1817 662 1872 luisse
686 1819 840 1891 antiquitus
864 1818 1020 1892 philologis
1045 1817 1147 1871 malam
1173 1835 1296 1885 crucem,

125 1923 201 1995 quod
237 1923 320 1990 ratio,
357 1942 414 1996 qua
450 1924 476 1978 in
505 1924 712 1999 componendis
742 1924 844 1979 fabulis
874 1925 1086 2000 Aristophanes
1114 1923 1213 1991 utitur,
1250 1923 1299 1977 ad-

127 2030 238 2084 modum
274 2044 418 2104 repugnat
445 2049 596 2085 scenarum
621 2032 814 2100 concinnitati,
851 2051 907 2105 qua
936 2030 1033 2086 fabula
1057 2029 1212 2086 artificiose
1235 2048 1299 2105 per-

126 2136 214 2210 polita
239 2135 327 2191 debet
351 2137 488 2192 instructa
513 2156 587 2192 esse.
628 2140 693 2204 Qua
719 2138 755 2192 de
780 2158 811 2194 re
835 2159 897 2194 curn
923 2139 969 2193 alii
985 2139 1142 2193 sententias
1158 2137 1299 2212 permiras

126 2243 304 2317 protulerunt
327 2256 384 2298 tum
409 2244 443 2298 E.
463 2243 512 2303 W.
531 2245 684 2311 Brentano,
710 2246 757 2318 qui
782 2265 817 2300 eo
841 2246 979 2312 escendit,
1010 2260 1039 2300 ut
1063 2244 1190 2298 absurda
1214 2244 1299 2298 ratio-

126 2349 267 2406 cinatione
296 2349 426 2405 inductus
456 2349 582 2419 fabulas,
619 2371 693 2425 quae
723 2351 849 2407 feruntur
879 2353 1094 2427 Aristophanis
1132 2350 1299 2405 subditicias

126 2457 264 2530 quasdam
289 2475 354 2512 esse
378 2457 432 2511 sihi
456 2459 646 2532 persuaderet
669 2459 941 2534 (Untersuchungen
958 2459 1030 2514 fiber
1047 2459 1099 2513 (las
1116 2457 1299 2532 griechische

128 2563 243 2619 Drama.
297 2582 321 2619 1.
348 2564 571 2640 Aristophanes.
608 2567 699 2638 1871.
728 2601 764 2606 —
793 2567 1006 2642 Aristophanes
1035 2567 1090 2620 und
1117 2565 1297 2634 Aristoteles

127 2669 197 2726 oder
210 2670 281 2726 iiber
294 2671 338 2726 ein
352 2671 541 2745 angebliches
554 2674 736 2748 Privilegium
751 2674 803 2729 der
815 2674 1009 2730 alt-attischen
1024 2674 1174 2727 Komiidie.
1195 2671 1251 2742 187
1259 2673 1298 2744 3).

129 2776 216 2832 Annis
241 2777 378 2853 deinceps
409 2779 488 2849 1884
506 2793 535 2834 et
557 2779 635 2852 1885
666 2782 748 2835 trium
773 2782 899 2835 virorum
916 2781 1066 2836 doctorum
1084 2779 1300 2834 dissertationes

128 2883 221 2940 editae
244 2897 318 2953 sunt,
344 2885 447 2959 quihus
465 2887 669 2961 Aristophanis
693 2907 741 2942 ars
765 2888 924 2942 dramatica
949 2887 1042 2942 denuo
1060 2889 1086 2941 in
1103 2887 1299 2961 quaestionem

129 3003 246 3046 vocatur
273 3010 309 3046 ac
339 3012 443 3066 magna
469 2994 624 3067 diligentia,
655 2994 776 3049 diversis
801 3008 895 3048 tamen
921 2993 1079 3048 rationibus
1103 3006 1298 3068 percensetur.

128 3097 183 3156 Th.
209 3097 343 3152 Zielinski
378 3099 445 3174 (Die
469 3099 646 3175 Gliederung
674 3101 726 3155 der
749 3088 944 3156 alt-attischen
969 3101 1123 3170 Kornddie)
1158 3119 1217 3154 rern
1246 3118 1300 3174 pro

128 3204 283 3277 ‹luaerendi
307 3224 425 3278 genere,
451 3208 477 3261 in
502 3227 559 3281 quo
583 3227 702 3284 operam
726 3227 807 3263 suam
824 3208 927 3283 posuit,
953 3208 1001 3263 uhi
1024 3209 1104 3262 locus
1121 3208 1146 3262 ei
1164 3206 1300 3261 materiae

129 3311 297 3366 tractandae
322 3312 405 3368 datus
430 3328 482 3381 est,
509 3315 608 3369 iterum
633 3334 668 3369 ac
692 3317 807 3392 saepius
836 3316 942 3390 tetigit,
967 3315 1026 3369 Th.
1052 3315 1137 3369 Kock
1162 3313 1300 3369 meritone

129 3416 230 3472 facturn
255 3419 300 3488 sit,
326 3433 355 3473 ut
376 3421 403 3474 in
419 3440 557 3476 summam
574 3422 695 3496 gloriam
714 3423 927 3498 Aristophanes
944 3424 1063 3491 veniret,
1089 3419 1299 3477 diiudicandum

128 3524 180 3580 sibi
214 3525 334 3600 sumpsit
369 3526 452 3597 (mus
482 3528 574 3583 Rhen.
601 3530 739 3598 XXXIX,
765 3550 794 3605 p.
818 3530 874 3583 118
893 3548 948 3603 sq,
990 3529 1221 3604 »Aristophanes
1257 3526 1299 3580 als

128 3631 247 3687 Dichter
282 3631 338 3686 und
374 3633 560 3709 Politikerr);
598 3637 649 3692 sed
685 3638 712 3691 in
741 3637 900 3692 fabularum
925 3655 999 3710 quae
1024 3637 1141 3711 proprie
1170 3635 1300 3689 dicuntur

129 3737 332 3814 Aristophanis
368 3755 536 3797 concentum
574 3744 828 3819 pervestigandum
863 3763 894 3798 se
929 3755 1018 3797 totum
1047 3744 1164 3798 contulit
1188 3742 1300 3796 'l‘extor

128 3830 413 3920 (Die-dramatische
438 3849 574 3905 Technik
598 3851 649 3906 des
674 3851 896 3926 Aristophanes
944 3847 1048 3905 Stettin
1078 3848 1180 3927 1884).

217 3955 328 4011 'l‘extor
363 3968 392 4010 et
422 3958 517 4026 Kock,
553 3971 758 4034 praeterquam
793 3958 871 4032 quod
906 3957 1051 4032 plerisque
1086 3956 1299 4013 comoediarum

129 4061 331 4140 Aristophanis
355 4063 382 4117 id
407 4065 476 4120 vitio
501 4064 579 4136 dant,
608 4065 686 4140 quod
710 4065 819 4119 divisae
843 4077 907 4118 sunt
931 4064 958 4117 in
983 4064 1054 4118 duas
1078 4078 1176 4139 partes
1200 4064 1299 4118 stricto
