2910 4492
629 409 843 465 -16-

141 590 218 662 quod
243 591 270 644 in
294 590 456 644 universum
481 589 517 643 de
541 601 661 644 naturae
686 589 829 643 humanae
853 589 881 642 vi
905 589 1017 643 comica
1038 589 1199 664 primigena
1216 588 1320 644 disser-

140 710 213 766 tanS,
239 716 276 752 ex
299 697 393 752 multis
416 695 550 771 gentibus
573 696 715 752 luculenta
740 695 872 771 exempla
896 715 912 749 a
937 696 1007 750 viris
1028 696 1121 751 doctis
1137 696 1245 771 passim
1262 716 1319 752 me·

140 816 252 859 morata
277 803 402 878 collegit,
439 822 514 877 quae
542 802 658 859 abunde
687 802 792 858 docent
819 803 1001 859 saltationem
1025 802 1079 858 sub
1104 803 1167 878 ipsa
1191 821 1318 878 persona

141 911 387 987 theriomorphica
418 906 466 990 (cI.
497 911 514 965 I.
539 929 564 965 c.
594 930 623 986 p.
649 927 686 982 77
713 910 780 965 adn.
803 930 828 980 1,
857 928 884 982 7.
909 931 939 986 p.
960 909 997 982 78
1024 911 1090 965 adn.
1110 906 1152 990 4.)
1169 910 1216 966 veI
1233 911 1317 966 etiam

140 1018 190 1073 tali
218 1037 344 1093 persona
372 1037 429 1073 non
453 1018 551 1072 induta
575 1011 623 1096 (cI.
650 1018 667 1072 I.
694 1037 719 1073 c.
745 1038 774 1093 p.
795 1015 834 1089 76
860 1017 926 1072 athi.
948 1035 963 1090 5
994 1013 1256 1096 »Hoppetvogeli)
1282 1018 1319 1072 ad

140 1125 302 1180 animalium
327 1125 487 1180 immaniter
510 1125 630 1180 saliendi
654 1125 786 1200 exempla
811 1125 1035 1180 accommodare
1064 1125 1186 1179 maxime
1210 1143 1246 1179 ex
1270 1143 1319 1179 na-

140 1231 271 1286 turalium
307 1232 451 1287 hominum
487 1232 602 1306 ingenio
631 1250 705 1287 esse.
754 1231 868 1288 Chorus
892 1232 970 1304 quod
994 1251 1057 1288 eum
1082 1250 1161 1286 usum
1187 1232 1316 1306 arripuit,

141 1339 204 1411 quis
228 1340 345 1394 miretur
370 1339 397 1393 in
423 1339 542 1394 Atticis?

227 1447 271 1502 Ne
297 1447 412 1501 omittas
440 1446 532 1501 altero
561 1446 626 1500 loco
655 1445 732 1519 quod
764 1445 791 1500 in
815 1445 1011 1500 Mannhardtii
1039 1463 1153 1518 quoque
1177 1446 1317 1521 exemplis

140 1551 292 1608 vellicandi
316 1554 534 1608 circumstantes
563 1547 611 1632 (cf.
636 1573 665 1628 p.
689 1550 761 1628 143)
786 1552 831 1608 vel
856 1553 942 1608 etiam
967 1551 1141 1607 carminibus
1165 1551 1316 1628 probrosis

139 1660 218 1715 cives
242 1660 405 1734 castigandi
429 1660 474 1715 iIIe
498 1660 624 1714 occurrit
647 1678 715 1714 usus
738 1653 787 1737 (cf.
805 1659 823 1715 I.
842 1678 868 1714 c.
893 1679 922 1734 p.
946 1653 1035 1735 145):
1065 1659 1145 1714 »Der
1161 1659 1317 1714 Batonnier

138 1766 262 1822 stimmte
290 1767 335 1822 ein
364 1768 391 1821 in
415 1766 512 1840 jedem
536 1766 625 1840 Jahre
654 1785 709 1822 neu
738 1766 922 1840 versertigtes
947 1765 1020 1821 Lied
1045 1766 1094 1821 mit
1118 1785 1158 1840 99
1177 1765 1315 1841 Couplets

138 1891 184 1943 an,
210 1874 237 1928 in
262 1873 403 1929 welchem
428 1874 473 1929 die
490 1874 657 1948 Ereignisse
673 1873 730 1928 und
747 1871 1071 1947 Skandalgeschichten
1089 1872 1141 1928 der
1157 1872 1316 1928 Gemeinde

138 1981 279 2036 wahrend
303 1980 355 2036 des
378 1999 586 2056 vergangenen
609 1980 714 2054 Jahres
739 1979 989 2054 durchgehechelt
1013 1979 1141 2035 wurden.
1174 1979 1236 2035 Das
1253 1979 1316 2035 Ori-

137 2088 216 2161 ginal
240 2088 307 2143 kam
331 2089 374 2142 ins
398 2087 671 2155 Gemeindearchiv,
708 2088 772 2143 eine
797 2086 947 2142 Abschrist
971 2087 998 2140 in
1023 2087 1069 2142 die
1093 2086 1240 2142 Chambre
1266 2087 1316 2142 des

139 2208 270 2270 comptes
293 2215 327 2250 zu
351 2197 491 2251 Nantes«.

226 2302 330 2357 'I‘ertio
354 2303 419 2358 Ioco
443 2302 510 2357 illud
534 2315 579 2358 est
602 2303 822 2378 respiciendum,
853 2300 931 2375 quod
955 2314 983 2356 et
1007 2301 1098 2356 cultus
1121 2301 1265 2376 phallicus
1288 2315 1315 2357 et

137 2410 306 2464 nostratium
323 2409 527 2484 »Darstellung
540 2408 1215 2485 theriomorphischerVegetationsdiimonen«,
1230 2427 1313 2481 quam

137 2517 191 2571 viri
215 2516 293 2572 docti
316 2517 421 2586 dieunt,
447 2515 485 2572 ab
510 2516 613 2572 eadem
636 2517 752 2592 priscae
775 2516 879 2572 aetatis
903 2516 1043 2590 religione
1063 2527 1129 2570 sunt
1144 2516 1312 2591 repetenda.

137 2623 236 2678 Cultus
259 2623 377 2699 phallici
401 2623 487 2698 igitur
502 2641 602 2697 genua,
629 2623 656 2677 in
672 2640 731 2695 quo
749 2635 859 2678 certum
874 2641 1063 2698 personarum
1080 2641 1178 2678 semen
1195 2621 1312 2687 Iatebat,

137 2730 195 2785 tale
218 2729 364 2803 quoddam
388 2729 483 2799 fuisse,
514 2729 559 2784 cui
587 2747 649 2784 mos
678 2748 804 2805 corpora
833 2743 862 2785 et
885 2743 978 2785 motus
1002 2729 1163 2785 animalium
1188 2729 1314 2784 imitandi

138 2835 318 2906 inhaerebat,
344 2837 368 2892 si
392 2837 455 2910 quis
479 2836 651 2911 suspicatur,
678 2856 743 2892 num
768 2837 884 2892 multum
908 2855 925 2891 a
949 2855 1020 2892 vero
1044 2836 1243 2892 aberraverit?

226 2942 339 3012 Quibus
371 2943 407 2999 de
435 2944 530 2998 causis
554 2961 728 3018 quamquam
752 2963 808 2999 non
832 2963 952 3019 prorsus
976 2945 1107 3019 picturae
1130 2956 1249 2999 nostrae
1273 2963 1313 2998 re·

136 3069 267 3126 pugnare
296 3051 481 3106 coniecturae
507 3051 700 3107 Aristoteleae
731 3051 872 3121 videntur,
904 3063 1000 3107 tamen
1027 3051 1120 3126 prima
1145 3051 1312 3106 comoediae

136 3158 296 3214 rudimenta
319 3156 373 3213 sub
398 3158 465 3213 illud
489 3171 610 3234 tempus,
641 3178 698 3232 quo
728 3158 846 3214 vascula
871 3171 970 3214 nostra
994 3157 1136 3213 fabricata
1160 3172 1235 3228 sunt,
1266 3158 1313 3213 ad-

136 3265 250 3320 modum
285 3277 369 3321 erant
402 3277 549 3341 superata.
597 3265 643 3320 Ex
678 3277 924 3320 monumentorum
960 3265 1202 3340 contemplatione
1240 3267 1312 3320 hunc

136 3385 215 3428 certe
250 3371 371 3427 fructum
406 3374 576 3442 auteremus,
613 3384 643 3426 ut
667 3371 832 3428 Aristotelis
860 3373 1031 3428 sententiam
1059 3392 1123 3428 eum
1148 3373 1175 3427 in
1199 3392 1311 3428 sensum

136 3479 209 3534 verti
233 3479 346 3534 iamiam
370 3492 509 3550 vetemus,
535 3480 562 3534 in
586 3498 671 3552 quem
694 3480 781 3535 vertit
804 3481 836 3540 F.
863 3480 925 3536 Leo
949 3473 1032 3558 (mus,
1057 3480 1151 3536 Rhen.
1176 3481 1311 3548 XXXIII,

134 3606 163 3662 p.
198 3587 285 3661 145):
326 3585 467 3656 »κωμῳδία
495 3587 532 3642 im
561 3586 753 3661 cigentlichen
783 3584 886 3656 Sinne,
924 3587 951 3646 d.
981 3586 1009 3640 h.
1045 3584 1312 3661 Schwarmgesang

135 3692 187 3749 der
225 3693 443 3769 Phallophoren
485 3712 547 3749 war
594 3694 639 3749 die
680 3693 822 3748 Xomddie
868 3693 944 3749 auch
991 3693 1130 3749 hiernach
1170 3694 1247 3750 noch
1287 3695 1312 3748 in

135 3800 190 3856 den
225 3812 321 3856 ersten
356 3800 552 3874 Jahrzehnten
587 3800 639 3856 des
673 3799 918 3874 Jahrhunderts«.
968 3800 1183 3856 WiIamowitzii
1218 3815 1310 3856 autem

134 3907 270 3983 opinioni,
295 3909 344 3982 qui
367 3903 448 3987 (Eur.
474 3908 615 3964 Heracles
639 3907 727 3963 vol.I
750 3927 779 3983 p.
800 3909 852 3982 54)
878 3907 1007 3964 homines
1029 3926 1141 3963 comum
1157 3908 1311 3983 phallicum

134 4027 256 4089 agentes
279 4015 358 4070 initio
381 4014 536 4071 obvolutos
560 4015 647 4071 fuisse
671 4014 748 4084 dicit,
774 4033 810 4070 ne
834 4013 908 4071 facie
932 4015 1145 4071 noscitarentur
1172 4035 1244 4070 »nur
1267 4035 1311 4069 um

133 4122 295 4177 unerkannt
318 4143 352 4178 zu
376 4121 524 4193 bleibenu,
549 4122 604 4178 erit
628 4121 829 4191 obiiciendum,
855 4140 891 4178 ex
915 4121 1014 4197 figuris
1038 4121 1112 4178 effici
1136 4123 1199 4177 veri
1219 4121 1312 4178 simili·
