2910 4492
84 571 196 646 quibus
232 571 329 628 verbis
365 573 542 649 respondent
571 573 662 629 verba
692 573 857 630 seminarum
882 576 983 630 eodem
1008 576 1127 632 consilio
1151 577 1264 652 prolata

86 697 116 734 v,
144 677 228 753 637:

289 787 355 840 ἀλλὰ
374 790 504 856 θώμεσθ’,
526 783 546 840 ὦ
565 788 641 856 φίλαι
659 794 742 858 γρᾶες,
764 791 820 844 ταδὶ
841 794 943 859 πρῶτον
961 797 1050 858 χαμαὶ,

84 907 117 948 et
142 911 170 947 v.
199 890 276 948 662:

307 1001 374 1054 ἀλλὰ
393 1004 438 1068 τὴν
457 1002 560 1072 ἐξωμίδ’
581 1004 732 1071 ἐκδυώμεθ’,
753 1007 787 1061 ὡς
805 1008 849 1057 τον
868 1004 952 1072 ἄνδρα
971 1004 1011 1056 δεῖ

306 1108 400 1179 ἀνδρὸς
418 1108 486 1172 ὄζειν
504 1111 589 1168 αὖθί-ς.

83 1213 195 1288 quibus
220 1213 318 1270 uerbis
342 1216 519 1292 respondent
544 1217 634 1273 verbu
661 1219 825 1274 feminarum
851 1238 877 1273 v.
904 1216 982 1272 686:

307 1322 374 1375 ἀλλὰ
394 1323 489 1391 χήμεῖς,
509 1321 530 1376 ὦ
548 1330 672 1394 γυναῖκας,
695 1329 794 1377 θᾶττον
813 1327 975 1392 ἐκδυώμεθα,

307 1431 339 1484 ὡς
359 1429 391 1481 ἂν
411 1429 509 1499 ’λζωμτν
527 1436 662 1501 γυναικῶν,
684 1431 795 1495 ἀοτοδὰξ
813 1435 987 1501 lippoldum,

83 1536 204 1590 tertium
231 1535 325 1592 locum
350 1537 470 1611 legimus
496 1539 522 1593 in
546 1540 858 1615 'l*liesrnoplroriazusis
883 1558 909 1598 ν,
937 1538 1013 1611 655:

235 1644 303 1711 ἡμᾶς
321 1647 407 1697 τοίνυν
425 1649 491 1713 μετὰ
511 1648 576 1698 τοῦτ’
598 1646 645 1712 ἤδη
666 1649 709 1702 τὰς
728 1647 869 1715 λαμπάδας
887 1648 1025 1715 ἁψαμένας
1049 1667 1093 1716 χον1

236 1749 418 1820 ξυζωσαμένας
435 1749 462 1805 εὖ
481 1752 619 1824 κάνδρείως
640 1758 688 1806 τῶν
708 1752 849 1822 θ’ἰματλον
868 1752 1000 1809 οἷποόἰσας

238 1858 328 1922 ζητεῖν,
348 1863 370 1911 τὶ
388 1879 437 1911 που
456 1859 550 1916 κᾶλλος
568 1883 606 1916 τις
625 1861 689 1929 ἀνὴρ
708 1861 760 1913 κτλ.

182 1963 283 2019 Utrum
320 1965 440 2021 voluerit
476 1967 523 2022 illo
552 1969 733 2040 Lysistratae
768 1967 833 2023 loco
865 1967 1076 2042 Aristophanes
1105 1984 1202 2021 veram
1232 1984 1267 2020 ac

80 2071 246 2144 genuinam
271 2071 437 2147 parabasim
462 2074 591 2130 scribere
615 2094 719 2143 annon,
746 2076 773 2129 in
796 2075 912 2150 ancipiti
936 2089 980 2129 est
1004 2074 1136 2149 positum.
1181 2071 1267 2128 Certe
1309 2093 1312 2102 ·

85 2178 119 2234 T
122 2177 463 2253 hesmophoriuzusarum
499 2183 660 2257 exemplum
697 2182 783 2237 docet
819 2181 884 2236 illud
913 2180 1042 2234 ἀποδῦναι
1070 2181 1155 2235 etiam
1186 2191 1267 2234 extra

85 2283 260 2362 parabasim
285 2304 448 2354 occurrere,
475 2287 502 2342 id
526 2288 604 2362 quod
628 2288 762 2344 Zielinski
787 2289 917 2363 praecise
941 2300 1038 2360 negat.
1071 2286 1136 2353 Qua
1160 2305 1192 2341 re
1209 2305 1268 2342 sus

86 2393 176 2468 picot
200 2391 431 2448 Acharnensium
455 2414 569 2469 quoque
594 2395 686 2450 locum
712 2414 739 2449 u.
766 2394 843 2466 627:

344 2500 400 2553 ἀλλ’
420 2501 560 2558 ἀποδύντες
578 2505 631 2558 τοῖς
650 2503 820 2558 ἀναπαίστοις
839 2502 951 2570 ἐπίωμεν

86 2606 131 2662 ad
155 2605 358 2681 impedimenta
382 2606 544 2663 abiicienda
569 2611 723 2685 pertinere.
759 2610 803 2664 Ac
826 2627 924 2664 rursus
949 2609 1003 2662 iam
1024 2606 1131 2681 figuras
1148 2608 1174 2661 in
1191 2608 1268 2662 vasis

84 2713 226 2789 depictas
250 2715 440 2790 contemplari
465 2717 556 2770 iuvat:
584 2718 610 2770 in
637 2717 755 2772 vasculo
773 2716 947 2771 Berolinensi
971 2735 1017 2771 no.
1041 2714 1122 2788 1830
1140 2713 1269 2769 videmus

88 2823 233 2876 intrantes
273 2822 414 2896 quosdam
457 2823 625 2878 immanibus
665 2823 758 2899 palliis
798 2823 924 2892 indutos,
966 2825 991 2877 in
1028 2821 1145 2877 vasculo
1181 2822 1268 2876 musei

88 2929 249 2984 Britannici
274 2927 420 2985 ἀποδὺντος
443 2929 598 2985 choreutas
622 2931 769 2999 saltantes,
795 2949 888 3004 neque
912 2931 1042 3004 cuiquam
1068 2927 1183 2983 dubium
1205 2929 1267 2996 erit,

85 3035 161 3108 quin
186 3035 213 3103 ii,
243 3035 290 3108 qui
314 3053 452 3109 equorum
478 3051 576 3111 partes
601 3035 789 3106 sustinebant,
816 3038 838 3091 si
863 3056 894 3091 re
919 3055 988 3091 vera
1012 3037 1039 3090 in
1063 3054 1150 3090 scena
1175 3053 1269 3090 mane-

90 3142 174 3210 bant,
200 3160 402 3215 nonnunquam
427 3162 568 3218 personas
593 3144 788 3219 deposuerint.

186 3249 283 3322 ltaque
319 3268 411 3323 neque
446 3250 524 3323 quod
553 3265 640 3326 poeta
669 3265 850 3326 spectatores
878 3250 1039 3324 alloquitur,
1076 3268 1168 3323 neque
1192 3249 1269 3322 quod

88 3355 254 3410 choreutae
270 3355 473 3431 impedimenta
491 3357 535 3412 vel
553 3358 723 3413 vestimenta
741 3358 896 3434 deponunt,
919 3357 1026 3433 epilogi
1042 3355 1122 3411 color
1139 3354 1268 3411 efficitur.

89 3462 202 3530 Quanti
227 3464 361 3517 momenti
385 3465 440 3518 sint
464 3464 660 3538 epirrhemata
684 3466 815 3540 scoptica
839 3463 943 3520 Kaibel
967 3464 984 3518 Ι.
1003 3483 1027 3519 c.
1053 3463 1158 3532 docuit,
1183 3476 1269 3537 atque

88 3569 180 3625 etiam
205 3569 370 3642 graviorem
396 3569 488 3624 locum
506 3569 673 3646 parabasim
691 3570 802 3627 habere
818 3570 959 3638 censebis
986 3590 1048 3625 cum
1065 3568 1271 3625 observaveris

88 3677 197 3732 comici
221 3689 327 3751 poetae
351 3675 475 3732 officium
500 3697 648 3747 summum,
674 3678 751 3752 quod
776 3678 992 3754 Aristophanes
1013 3677 1080 3731 dicit

292 3779 422 3836 ἰάσασθαι
442 3787 519 3837 νόσον
539 3786 651 3855 ἀρχαίαν
670 3785 698 3837 ἐν
718 3787 747 3858 τῇ
765 3785 840 3838 πόλει
859 3786 1026 3846 ἐντετοκυῖαν,

17 3891 22 3899 ’
87 3892 132 3947 ita
156 3891 297 3959 exerceri,
324 3904 352 3945 ut
376 3889 529 3966 parabasis
553 3891 638 3947 alium
660 3892 828 3968 plerumque
844 3911 879 3946 ac
895 3905 956 3947 tota
972 3888 1123 3946 comoedia
1140 3889 1270 3945 morbum

88 3995 241 4074 publicum
267 3997 493 4073 increpitandum
518 3997 572 4054 sibi
596 4012 698 4054 sumat.

187 4102 309 4159 Accedit
333 4105 411 4178 quod
434 4119 463 4160 et
488 4105 702 4182 Aristophanes
730 4121 758 4160 et
783 4106 975 4161 Athenienses
999 4105 1085 4179 longe
1108 4102 1270 4174 abfuerunt,

812 4199 823 4218 ο
1076 4208 1109 4257 3,
