2910 4492
631 415 846 469 „33-

138 574 209 629 (liae
229 573 463 648 Aristophaneae
487 586 585 648 partes
610 573 753 642 choricaS‚
779 572 945 650 parabasim
970 587 998 630 et
1021 574 1154 646 exodum,
1180 577 1207 630 in
1227 590 1320 632 vetus-

140 694 232 736 tatem
257 699 348 748 suam,
378 699 414 735 ex
437 698 495 755 qua
519 679 653 735 Zielinski
677 698 729 735 eas
753 679 878 737 deiicere
902 693 1022 736 conatus
1046 693 1098 751 est,
1129 683 1320 739 restituendas

139 806 208 843 esse
232 787 367 842 arbitrer.

235 894 292 962 Qui
327 895 371 949 vit
406 893 586 949 doctissimus
615 895 641 948 in
670 892 753 962 libro,
784 895 830 968 riui
855 893 1019 950 inscribitur
1045 895 1118 952 »Die
1142 896 1320 971 Gliederung

142 1001 197 1058 der
232 1001 417 1057 altattischen
452 1000 631 1071 immone«,
668 999 797 1077 probare
832 1015 968 1057 comatur
1003 1003 1172 1058 comoediae
1206 1004 1319 1080 priscae

141 1109 268 1182 vestigia
292 1109 418 1163 inveniri·
436 1110 462 1163 in
487 1121 570 1184 parte
595 1122 661 1163 ante
685 1106 851 1184 parabasim
876 1110 979 1185 posita,
1011 1111 1168 1186 praecipue
1196 1129 1318 1185 agonem

141 1235 228 1290 quem
259 1215 327 1270 dicit
357 1215 526 1271 comoediae
549 1217 677 1291 stirpem,
703 1213 868 1291 parabasim
893 1234 964 1272 vero
988 1215 1026 1272 ab
1051 1217 1129 1273 initio
1152 1217 1238 1274 fuisse
1262 1219 1320 1294 epi-

142 1323 251 1397 logum.
299 1323 400 1397 Neque
424 1322 535 1391 desunt,
560 1342 632 1397 quos
656 1323 845 1378 assentientes
869 1321 1011 1384 habuerit.
1059 1321 1119 1379 Sed
1142 1326 1319 1380 aversarium

141 1443 246 1486 nactus
270 1442 313 1486 est
338 1428 508 1497 Kaibelium‚
534 1431 581 1504 qui
606 1449 689 1484 unam
714 1428 947 1485 observationem
964 1430 1017 1485 illis
1033 1433 1169 1506 opposuit
1184 1431 1319 1504 (Hermes

140 1535 253 1606 XXIV,
290 1557 318 1612 p.
350 1535 388 1610 38
411 1539 478 1610 sip),
514 1557 571 1611 <lua
606 1536 801 1612 epirrhernata
836 1538 967 1614 scuptica
1002 1539 1029 1592 in
1058 1537 1150 1593 locum
1186 1539 1219 1592 iis
1254 1557 1320 1614 pro·

140 1645 236 1721 prium
271 1645 402 1699 restituit.
460 1643 581 1699 Duabus
616 1643 652 1699 de
688 1645 781 1699 causis
816 1643 950 1700 Zielinski
985 1645 1091 1721 epilogi
1127 1659 1257 1701 naturam
1292 1646 1319 1699 in

141 1749 283 1828 parabasi
319 1750 539 1826 deprehendere
574 1750 628 1806 sibi
657 1752 734 1806 visus
763 1765 806 1806 est
829 1770 949 1825 quarum
973 1753 1098 1828 priorem
1124 1751 1198 1807 illam
1223 1749 1317 1821 affert,

139 1856 222 1934 quod
247 1857 404 1913 choreutae
429 1872 456 1913 et
481 1872 568 1934 poeta
591 1872 773 1934 spectatores
797 1858 987 1933 alloquuntur,
1013 1859 1133 1914 alteram
1157 1858 1234 1933 quod
1252 1858 1319 1915 cho·

138 1979 244 2021 reutae
267 1983 468 2039 nonnunquam
493 1967 663 2021 vestimenta
687 1984 752 2021 sese
776 1965 924 2042 deponere
947 1964 1097 2038 (ἀποδῖινσι)
1123 1965 1228 2022 dicunt.

233 2071 297 2146 Jam
322 2085 351 2126 ut
374 2071 522 2127 videamus
547 2072 613 2127 illud
637 2072 715 2146 quod
739 2086 844 2148 poetae
868 2073 946 2128 initio
971 2071 1124 2149 parabasis
1148 2073 1185 2128 de
1208 2092 1240 2129 se
1255 2092 1319 2129 sua·

136 2199 197 2255 que
236 2178 405 2234 condicione
441 2179 517 2253 loqui
552 2179 667 2249 audent,
705 2180 733 2234 id
769 2179 845 2234 haud
881 2181 919 2235 ita
948 2181 1092 2254 antiquum
1121 2180 1178 2236 hoc
1202 2180 1266 2236 loco
1290 2196 1319 2236 et

135 2309 153 2343 a
182 2284 323 2363 parabasi
348 2287 479 2361 originali
503 2287 624 2341 alienum
649 2287 717 2342 mihi
734 2287 854 2346 videtur.
892 2288 923 2341 ln
938 2287 1016 2342 Pace
1032 2306 1059 2342 V.
1080 2303 1142 2360 734
1159 2307 1203 2361 sq.
1220 2286 1318 2342 verbis

269 2395 334 2464 χρῆν
352 2395 401 2464 μὲν
418 2397 523 2448 τύπτειν
540 2395 598 2449 τοὺς
616 2392 774 2464 ραβδοίχοσι
792 2393 871 2450 εἴτις
889 2392 1106 2463 κωμῳδοποιητὴς

270 2503 347 2554 αὑτὸν
366 2503 454 2573 ἐπῄνει
465 2505 529 2572 πρὸς
541 2503 570 2554 τὸ
588 2503 704 2572 θέατρον
721 2503 843 2572 παραβὰς
862 2500 889 2554 ἐν
906 2502 960 2557 τοῖς
980 2500 1149 2557 ἀναπαίστοις

137 2607 358 2684 Aristophanes
392 2627 424 2664 se
448 2609 507 2663 vitii
534 2606 589 2663 sibi
616 2608 761 2664 conscium
785 2626 850 2663 esse
873 2607 1024 2682 significat,
1060 2626 1153 2682 neque
1177 2609 1267 2663 minus
1290 2608 1317 2662 in

136 2715 383 2773 Acharnensibus
407 2735 434 2770 v,
453 2713 515 2770 628
533 2733 598 2789 sqq.
627 2715 710 2789 quasi
726 2733 780 2790 pro
805 2715 909 2770 delicto
933 2734 986 2772 suo
1009 2714 1101 2770 verba
1125 2728 1211 2771 antea
1235 2713 1315 2769 facit:

268 2822 311 2885 Ἐξ
329 2820 387 2893 οἶχε
406 2825 520 2893 χοροῖσιν
539 2822 676 2891 ἐφέστηκεν
693 2823 822 2893 τρυγικοῖς
841 2823 853 2874 ὃ
873 2820 1028 2878 διδάσκαλος
1045 2823 1127 2891 ἡμῶν,

269 2929 339 2981 οὔπω
357 2932 458 3000 παρέβη
477 2931 540 2999 πρὸς
558 2932 587 2982 ri·
605 2931 728 3000 θέατρον,
749 2928 829 2992 λέξων
847 2929 881 2985 ὡς
900 2927 981 2992 δεξιός
1000 2929 1080 2982 ἐστιν·

269 3035 474 3105 διαβαλλόμενος
493 3035 567 3089 δ’ἱπὸ
584 3037 637 3088 τῶν
655 3035 758 3108 ἐχθρῶν
777 3036 804 3088 ἐν
821 3036 971 3102 Ἀθηναίοις
989 3035 1162 3106 ταχυβοιῖιλοις,

269 3145 302 3199 ὡς
319 3142 440 3211 κωμῳδεῖ
454 3144 502 3197 riv
519 3142 596 3196 πόλιν
612 3144 687 3211 iunia
705 3150 750 3195 καὶ
767 3145 813 3196 τὸν
831 3141 915 3212 ὅλμον
932 3145 1094 3214 καθυβρίζει,

268 3249 459 3321 ἀποκρίνεσθαι
477 3248 559 3304 δεῖται
577 3258 634 3302 νυνὶ
652 3253 715 3320 πρὸς
732 3251 887 3317 Ἀθηναίους
904 3250 1085 3320 μεταβούλους.

233 3357 387 3414 Certamen
412 3358 551 3413 comicum
575 3358 729 3411 institutum
753 3358 902 3413 terminum
926 3358 954 3411 in
977 3356 1125 3427 sehabet,
1150 3369 1315 3432 postquem

138 3481 247 3545 poetas
281 3478 340 3519 tam
375 3465 493 3540 copiose
529 3464 565 3518 de
599 3483 632 3518 se
666 3483 775 3538 suaque
803 3465 885 3540 poesi
913 3464 990 3539 loqui
1015 3465 1102 3520 moris
1125 3482 1190 3518 esse
1214 3463 1315 3538 potuit.

139 3574 203 3632 Sed
227 3572 319 3627 altera
343 3571 495 3645 quaedam,
520 3571 548 3625 ni
572 3570 665 3640 fallor,
691 3571 872 3648 respicienda
896 3570 980 3627 nobis
1004 3584 1048 3627 est
1072 3589 1169 3640 causa,
1194 3589 1252 3645 qua
1267 3569 1316 3624 ad-

141 3681 220 3738 ducti
256 3680 357 3735 comici
392 3692 498 3754 poetae
533 3677 700 3752 loquacitati
726 3692 824 3734 tantae
852 3677 1049 3754 indulgebant.
1102 3677 1316 3752 Qualiscunque

141 3790 217 3845 enim
246 3787 405 3861 proagonis
433 3785 569 3840 institutio
594 3784 652 3855 luit,
681 3818 718 3826 —
745 3787 772 3840 in
796 3786 998 3842 Oehmichenii
1021 3786 1191 3842 sententiam
1215 3784 1314 3857 (Bayr.

140 3894 241 3952 Akad.
272 3892 363 3968 1889,
390 3893 422 3946 Β.
440 3893 474 3961 Η,
499 3912 528 3967 p.
552 3909 609 3965 103
627 3895 706 3967 sqq.)
734 3911 771 3948 an
799 3893 878 3949 multi
905 3893 969 3948 ituri
996 3894 1052 3948 sint
1079 3893 1178 3949 nescio
1209 3924 1258 3961 -,
1287 3891 1315 3946 id

141 4015 222 4059 certe
246 4020 283 4057 ex
306 4000 376 4056 locis
400 3997 492 4054 schol.
512 3997 620 4053 Aesch.
638 3999 716 4056 Ctes.
736 3999 775 4074 67
798 4014 827 4056 et
841 4001 934 4056 schol.
953 3999 1103 4076 Aristoph.
1121 3999 1211 4075 Vesp.
1233 4015 1314 4074 1109

141 4124 170 4167 et
193 4110 267 4165 Plat.
293 4107 430 4183 Sympos
460 4122 530 4182 194,
562 4109 656 4164 elucet
683 4110 777 4183 poetis
805 4109 924 4183 tragicis
947 4120 1030 4164 extra
1053 4109 1146 4184 ipsum
1170 4119 1315 4164 certamen

1122 4213 1137 4262 3
