2910 4492
684 411 898 468 ἥρ.

202 574 239 632 de
268 592 300 629 se
331 592 458 648 suaeque
488 575 584 649 poesis
613 575 660 628 via
688 593 723 628 ac
754 575 865 629 ratione
894 573 1055 649 exponendi
1085 573 1248 629 facultatem
1278 574 1377 629 datam

202 680 297 736 fuisse.
345 680 418 738 Eam
441 681 543 756 ipsam,
569 694 651 735 extra
676 694 822 735 certamen
846 699 903 735 non
927 679 1034 749 datam,
1064 678 1119 735 sibi
1143 694 1249 755 poetae
1273 682 1377 736 comici

201 800 383 863 sumpserunt
411 806 465 863 pro
496 788 604 843 maiore
632 787 746 842 licentia
775 786 944 843 comoediae
972 788 999 841 in
1035 787 1191 842 certamine
1219 789 1292 862 ipso.
1345 786 1378 842 Si

202 896 266 969 quis
301 895 514 970 comparaverit
543 893 669 950 Platonis
700 893 791 949 verba
820 894 856 948 de
881 893 1039 968 Agathone
1062 893 1206 949 adhibita:
1234 937 1377 956 .....

203 1001 349 1072 βλέψαντος
372 999 490 1053 ἐναντίον
512 1004 633 1053 τοοοίτου
657 1004 779 1071 θεάτρου,
804 1001 943 1070 μέλλοντος
966 1000 1152 1064 ἐπιδείξασθαι
1175 1004 1269 1054 σαυτοῦ
1288 1002 1381 1071 λόγους

203 1121 232 1163 et
256 1106 460 1182 Aristophanis
491 1108 518 1161 in
546 1107 683 1182 parabasi
713 1108 797 1162 Pacis
824 1126 839 1179 7
846 1124 900 1180 32:
933 1109 1007 1176 ἡμεῖς
1036 1103 1101 1160 vat
1116 1110 1184 1161 τοῖσι
1206 1110 1324 1170 θεαταῖς,
1345 1107 1382 1174 ἢν

204 1216 295 1283 ἔχομεν
314 1213 374 1268 uella
393 1215 476 1284 λόγων
495 1215 613 1283 εἴποιμεν,
640 1217 787 1288 utriusque
815 1213 906 1270 Verba
943 1215 1019 1270 haud
1048 1215 1194 1271 dissimilia
1222 1234 1286 1271 esse
1317 1218 1382 1279 sine

206 1320 293 1377 dubio
316 1323 428 1376 sentiet.

295 1428 453 1503 Anapaesti
478 1447 549 1484 vero
573 1429 636 1504 ipsi,
661 1430 728 1502 quin
752 1429 799 1483 illo
824 1429 889 1483 loco
906 1428 983 1484 haud
999 1430 1038 1484 ita
1054 1431 1162 1485 recenti
1178 1443 1274 1485 aetate
1290 1430 1382 1486 scribi

206 1536 301 1611 coepti
328 1536 393 1603 sint,
424 1553 486 1589 cum
512 1535 627 1590 dubium
652 1554 716 1590 esse
740 1554 797 1590 non
821 1536 921 1611 possit,
951 1535 1093 1609 equidem,
1123 1537 1190 1610 quia
1213 1537 1306 1592 omnis
1329 1555 1384 1612 ag-

206 1642 287 1698 minis
311 1656 531 1718 personaturum
555 1641 668 1697 videtur
684 1660 749 1697 esse
765 1661 832 1697 suas
849 1660 991 1718 personas
1007 1641 1205 1718 spectantibus
1220 1643 1382 1718 explicare,
1419 1698 1432 1703 ,,

206 1750 394 1824 antiquiorem
418 1768 482 1804 eam
506 1750 646 1805 rationem
668 1749 750 1820 duco,
776 1769 833 1823 qua
849 1750 876 1803 in
895 1747 1006 1804 Avibus
1022 1764 1051 1804 et
1066 1750 1385 1826 Thesmophoriazusis

207 1855 420 1932 Aristophanes
443 1857 537 1926 utitur,
567 1874 681 1930 quaque
704 1856 828 1932 Eupolin
852 1857 879 1910 in
903 1855 1007 1932 Capris
1035 1875 1114 1911 usum
1139 1876 1204 1912 esse
1228 1875 1264 1912 ex
1285 1856 1319 1911 fr.
1344 1875 1383 1928 14

207 1962 344 2037 colligere
367 1962 433 2017 licet
456 1961 505 2034 (cf.
530 1963 713 2019 Pherecratis
738 1964 771 2017 lr.
790 1958 853 2042 64).
902 1964 1034 2019 Breviter
1057 1978 1173 2039 poetam
1197 1977 1385 2040 spectatores

207 2069 313 2145 alloqui
336 2089 373 2125 ex
397 2070 565 2126 comoediae
589 2071 724 2144 antiquae
748 2084 792 2125 est
816 2085 927 2139 natura,
952 2070 1005 2126 sed
1028 2072 1122 2146 aptius
1146 2091 1231 2145 quam
1248 2073 1385 2148 exempla

207 2175 299 2231 Plauti
323 2189 351 2231 et
375 2173 591 2252 Shakespearii,
621 2195 694 2250 quos
718 2176 851 2232 Zielinski
875 2178 944 2232 citat
967 2178 1072 2252 quique
1095 2177 1277 2252 alloquuntur
1300 2197 1386 2255 spec-

208 2296 317 2338 tatores
345 2284 373 2338 in
403 2284 529 2359 epilog0,
567 2284 613 2338 hic
641 2283 679 2338 ad
708 2298 806 2359 partes
830 2297 971 2338 vocantur
994 2283 1205 2340 Germanorum
1229 2285 1297 2355 ludi,
1336 2288 1386 2361 qui

213 2390 499 2466 »Fastnachtspieleu
529 2391 667 2460 dicuntur,
692 2409 812 2465 quorum
837 2392 929 2466 primo
953 2392 981 2445 in
1002 2391 1122 2448 exordio
1146 2391 1300 2466 alloquium
1326 2395 1386 2449 tale

209 2498 359 2553 invenitur.
397 2498 510 2568 Annon,
536 2517 599 2552 cum
617 2497 821 2573 Aristophanis
845 2497 936 2552 verba
960 2501 1007 2550 νῦν
1026 2495 1086 2552 οὗτε
1104 2497 1160 2561 λεὼ,
1185 2503 1322 2570 προσέχετε
1340 2504 1388 2555 τὸυ

209 2606 270 2657 υοῦυ
294 2618 322 2660 et
346 2605 402 2660 alia
426 2605 642 2680 comparaveris
666 2624 729 2660 cum
754 2605 847 2660 hisce:

375 2713 437 2766 »Nu
461 2711 536 2781 hort,
562 2713 585 2766 ir
610 2712 706 2780 herrn,
732 2711 787 2766 und
812 2726 942 2766 vernemt
967 2711 1021 2766 den
1045 2711 1187 2788 schimpf«
1196 2709 1218 2786 1)

211 2818 361 2892 multisque
389 2818 451 2873 aliis
479 2818 626 2893 exemplis,
657 2819 796 2892 insignem
820 2818 1029 2874 similitudinem
1053 2819 1081 2873 in
1104 2833 1226 2894 utroque
1255 2821 1387 2897 alloquio

212 2927 305 2981 inesse
330 2924 485 2980 iudicabis?

300 3033 381 3088 Nunc
412 3046 591 3088 transeamus
620 3033 656 3087 ad
680 3033 809 3086 ἀποὸὗναι
834 3032 910 3087 illud.
959 3032 1004 3086 Ac
1039 3047 1098 3087 tres
1132 3033 1247 3106 quidem
1282 3036 1391 3109 quibus

213 3141 338 3195 occurrit
362 3139 442 3196 locos
465 3140 541 3196 nullo
566 3140 652 3195 modo
677 3159 740 3195 eam
765 3141 792 3194 in
816 3152 927 3216 partem
957 3139 1139 3215 interpretari
1168 3139 1274 3212 licebit,
1304 3147 1390 3218 quasi

213 3247 370 3302 choreutae
395 3246 483 3301 facies
508 3247 646 3321 detegere
670 3261 699 3302 et
722 3248 785 3320 quis
800 3248 993 3320 unusquisque
1009 3247 1045 3300 sit
1061 3245 1171 3301 civibus
1187 3249 1392 3322 spectantibus

212 3355 327 3430 aperire
357 3355 451 3423 velint,
488 3353 540 3409 sed
575 3354 720 3429 expressis
749 3352 846 3408 verbis
874 3352 1051 3427 significatur
1085 3353 1181 3408 oneris
1215 3352 1392 3412 sublevandi

214 3479 302 3516 causa
338 3461 383 3516 vel
412 3460 468 3516 alio
497 3460 625 3534 quolibet
653 3461 773 3516 consilio
801 3473 849 3516 aut
873 3459 1075 3535 impedimenta
1099 3478 1164 3514 esse
1187 3460 1391 3536 relinquenda,

213 3581 262 3623 aut
285 3568 455 3623 vestimenta
479 3567 619 3628 exuenda,
666 3568 777 3623 Primus
801 3567 881 3623 locus
904 3581 948 3622 est
972 3567 999 3620 in
1022 3567 1099 3622 Pace
1126 3583 1202 3642 729:

496 3676 570 3743 ἡμεῖς
589 3673 617 3727 δὲ
634 3677 696 3730 τέως
713 3672 774 3727 τάδε
793 3677 826 3726 τὰ
845 3676 918 3740 antiq
935 3673 1096 3744 παραδόντες

426 3785 480 3839 τοῖς
492 3782 648 3838 ἀκολούθοις
661 3781 745 3850 δῶμεν
759 3783 849 3844 σώζειν
861 3780 915 3833 κτλ.

215 3888 288 3944 alter
312 3890 339 3943 in
363 3889 526 3962 Lysistrata
550 3908 577 3943 v.
604 3887 682 3962 615:

429 3996 485 4049 ἀλλ’
506 3995 715 4065 ἐπαποδυώμεθ’,
736 3995 833 4068 ἄνδρες,
853 4002 944 4060 τουτῳὶ
961 3997 996 4062 τῷ
1015 3998 1156 4065 πράγματι,

252 4093 309 4191 il)
329 4127 419 4176 Adalb.
435 4143 460 4177 v.
475 4127 563 4186 Keller,
578 4128 705 4176 Deutsche
719 4127 938 4188 Fastnachtspiele
952 4141 1000 4175 aus
1013 4129 1070 4176 dem
1086 4125 1316 4192 15.Jamh.‚11‚p.
1332 4131 1395 4182 264.
