2910 4492
154 589 283 644 Alterum
304 589 413 643 vasculi
439 589 511 643 latus
536 589 726 664 nympharum
744 601 772 643 et
788 601 951 661 satyrorum
969 588 1087 644 exhibet
1103 589 1243 657 ordinem,

64 697 110 768 qui
134 695 173 750 ad
197 694 320 751 tibicinis
344 696 436 768 satyri
461 709 575 751 cantum
600 696 731 751 saltaturi
754 708 828 751 sunt.
861 696 949 766 (Berl.
975 696 1120 756 Akadem.
1152 693 1242 768 1851,

65 803 91 856 T
93 802 140 857 ab.
167 803 187 873 Ι,
216 804 257 877 5.)

153 909 225 965 Mire
254 909 290 965 de
318 929 353 965 ea
382 909 494 984 pictura
519 909 653 965 Panolka
678 905 838 988 (Abhandl.
865 910 917 965 der
942 909 1016 965 Berl.
1042 909 1137 964 akad.
1162 908 1237 983 1851

64 1036 91 1089 p.
116 1034 130 1070 2
138 1036 153 1090 3
180 1019 258 1091 sqq.)
293 1017 480 1072 ratiocinatus
515 1029 568 1087 est,
606 1018 747 1092 pictorem
778 1030 844 1073 ante
875 1017 975 1072 oculos
1004 1018 1136 1092 posuisse
1168 1017 1243 1072 »den

65 1122 152 1178 durch
177 1124 399 1199 cigentumliche
420 1124 573 1199 Kriegslist
596 1143 777 1199 errungenen
793 1122 864 1199 Sieg
886 1123 938 1180 der
954 1125 1145 1179 Krotoniaten
1169 1123 1242 1179 fiber

65 1230 107 1285 die
145 1230 320 1304 Sybaritenu
360 1226 480 1311 (Athen.
518 1233 570 1286 Xll
608 1227 729 1312 520d.).
788 1231 925 1287 Gerhard
960 1225 1034 1309 (Neu
1069 1231 1241 1287 erworbene

65 1338 239 1395 Denlcmliler
263 1339 315 1395 der
338 1339 405 1413 Kgl.
432 1338 691 1414 Vasensammlung
715 1359 749 1394 zu
774 1339 868 1394 Berlin
892 1341 942 1394 Nr.
966 1338 1060 1413 1928)
1084 1337 1241 1412 significari

66 1446 174 1519 putavit
213 1447 294 1502 »eine
329 1446 458 1502 obsct'ine
483 1447 651 1502 Mummerei
683 1447 778 1502 dreier
801 1447 978 1518 Kentauren,
1015 1447 1127 1502 welche
1152 1445 1241 1500 durch

67 1551 124 1607 drei
159 1553 367 1627 geharnischte
398 1553 454 1608 und
485 1553 707 1610 schmuckreich
736 1554 882 1629 gehelmte
906 1553 1059 1629 Junglinge
1083 1554 1133 1608 mit
1156 1552 1242 1608 eben·

66 1660 155 1714 soviel
190 1659 356 1734 geblickten
392 1660 448 1714 und
481 1661 566 1716 ihnen
597 1662 640 1716 als
664 1660 814 1736 Reitplerd
844 1661 1003 1716 dienenden
1029 1662 1168 1716 Mannern
1192 1679 1242 1734 ge-

65 1764 152 1822 bildet
188 1768 253 1827 istu
323 1768 543 1842 liurtwaengler
579 1769 605 1823 in
641 1768 778 1842 catalogo
813 1768 1006 1843 explicatione
1042 1766 1178 1823 abstinuit
1213 1779 1241 1822 et

65 1873 172 1928 addidit
200 1875 505 1930 »Mummenschanz«.
554 1876 676 1931 Carolus
702 1875 855 1942 Robertus,
882 1893 947 1930 esse
972 1875 1090 1930 chorum
1115 1874 1240 1946 equitum

65 1994 90 2034 et
118 1981 154 2035 ad
184 1983 342 2056 primordia
371 1983 540 2038 comoediae
569 1984 714 2058 pertinere
743 1982 851 2057 figuras
880 2001 924 2037 me
949 1982 1055 2037 docuit.
1085 2016 1120 2022 —
1148 1982 1240 2036 l'rius-

64 2105 145 2159 quam
171 2107 246 2161 quae
271 2089 307 2144 de
331 2091 527 2162 antiquissima
553 2091 703 2146 comoedia
729 2089 834 2145 doceat
854 2090 966 2164 pictura
995 2108 1153 2164 exponam,
1185 2089 1240 2143 lrac

63 2212 175 2268 quoque
203 2197 358 2252 secundum
391 2198 529 2253 rationem
555 2196 744 2252 Smithianam
769 2198 807 2252 ad
831 2197 1014 2252 illustrandas
1039 2215 1085 2252 res
1109 2196 1240 2251 scenicas

66 2301 295 2378 Aristophaneas
324 2306 362 2358 uti
392 2325 407 2359 e
432 2324 463 2359 re
488 2305 551 2364 erit.
599 2304 713 2360 Causae
741 2305 815 2359 enim
840 2304 908 2358 mihi
931 2316 1050 2379 praesto
1074 2316 1139 2358 sunt
1163 2303 1238 2357 haud

65 2409 100 2462 ita
136 2411 225 2477 leuca,
262 2430 298 2465 ex
333 2411 437 2484 quibus
464 2432 549 2467 enam
579 2410 757 2486 temporibus
786 2411 991 2487 Aristophanis
1026 2412 1052 2466 in
1089 2408 1239 2483 Equitibus

63 2516 180 2571 chorum
212 2519 336 2590 equitum
365 2519 448 2574 simili
477 2518 577 2574 habitu
601 2521 628 2574 in
652 2538 769 2575 scenam
792 2520 936 2596 prodiisse
960 2519 1022 2574 veri
1046 2537 1102 2574 non
1127 2518 1240 2574 videtur

63 2623 204 2683 dissimile.
253 2624 352 2680 Oculis
381 2625 559 2681 collustranti
587 2626 656 2681 mihi
686 2628 827 2702 picturam
856 2628 884 2682 in
912 2640 1035 2682 mentem
1061 2626 1137 2681 venit
1161 2638 1239 2680 ante-

62 2731 245 2803 pirrlrematis
280 2733 434 2806 parabasis
464 2733 595 2806 liquitum
627 2754 653 2793 ν,
688 2733 871 2808 595—610,
908 2733 984 2807 quod
1015 2733 1060 2787 hic
1085 2733 1236 2788 adscribo:

269 2836 300 2891 Ἃ
318 2840 439 2908 §irrupta
458 2846 540 2893 τοῖσιν
559 2842 655 2901 ἵπποις,
677 2842 829 2911 βοσλὶιμεσθ
848 2842 989 2894 ἐπαινέσαι.

274 2946 340 3009 ἄξιοι
361 2946 428 3003 δεῖξ’
447 2948 625 3018 εὐλογεῖσθαι·
646 2949 731 3001 πολλὰ
750 2952 800 3018 γὰρ
819 2948 851 3014 δή
869 2951 1013 3019 πράγματα

273 3054 458 3123 ξυνδιήνεγκαν
476 3057 539 3122 μεθ’
560 3058 641 3123 ήμῶν,
662 3055 781 3124 εἰσβολάς
799 3077 824 3108 τε
844 3063 888 3108 καὶ
907 3059 999 3123 μάχας.

273 3161 340 3213 ἀλλὰ
358 3162 407 3214 τάν
425 3165 456 3234 τῇ
475 3166 507 3234 γῇ
526 3163 574 3230 μὲν
594 3163 678 3215 αὐτῶν
697 3162 742 3215 οἰκ
761 3163 829 3232 ἄγαν
848 3165 1030 3232 θαυμάζομεν,

273 3271 306 3324 ὡς
325 3264 362 3321 iir'
381 3266 416 3324 sic
434 3271 481 3325 τὰς
500 3268 665 3339 ἱππαγωγοὺς
683 3267 826 3336 εἰσεπήδων
846 3270 977 3339 ἀνδρικῶς,

272 3378 409 3444 πριάμενοι
430 3379 566 3437 κώθωνας,
587 3375 612 3429 οἱ
631 3376 658 3430 cll
677 3385 721 3430 καὶ
741 3377 854 3447 σκόροδα
873 3385 917 3430 καὶ
937 3381 1064 3448 κρόμμυα.

272 3481 327 3534 εἶτα
346 3484 392 3538 τὰς
411 3486 499 3538 κώπας
519 3483 641 3552 λαβόντες
660 3481 745 3555 ὥσπερ
765 3488 837 3553 ήμεῖς
855 3483 881 3537 οἱ
899 3492 987 3555 βροτοὶ

273 3589 429 3658 ἐμβαλόντες
449 3591 620 3660 ἀνεβρύαξαν,
641 3589 805 3652 ἱππαπαπαῖ,
826 3596 864 3648 τίς
883 3592 1003 3661 ἐμβαλεῖς

272 3697 382 3763 ληπτέον
400 3697 514 3765 μᾶλλον·
534 3702 562 3749 τί
579 3698 687 3768 δρῶμεν,
708 3699 754 3751 οὐκ
773 3699 839 3766 ἐλᾷς,
861 3696 881 3750 ὦ
901 3701 1038 3768 σαμιρίιρας

272 3802 401 3869 ἐξεπήδων
420 3803 470 3860 δ’ἐς
489 3806 637 3872 Κόρινθον·
657 3804 714 3858 εἶτα
734 3804 784 3858 δὀἱ
802 3808 923 3859 νεώτατοι

271 3913 328 3966 ταῖς
347 3911 439 3966 ὁπλαῖς
458 3910 570 3980 ὤρυττον
589 3913 663 3970 εὐνὰς
681 3920 726 3966 καὶ
744 3917 859 3986 μετῇσαν
878 3915 1026 3985 στρώματα.

270 4017 368 4086 ἤσθιον
387 4017 415 4071 δὲ
433 4021 491 4075 τοὺς
509 4022 654 4090 παγούρους
673 4022 730 4073 ἀντὶ
749 4024 826 4078 ποιάς
845 4019 971 4088 Μηδικῆς,

271 4129 292 4176 al
311 4147 349 4182 τις
368 4125 470 4194 ἐξέρποι
487 4129 595 4195 θύραζε,
616 4129 665 4182 κάκ
684 4131 769 4198 βυθοῦ
787 4131 950 4198 θηρώμενοι·
