2910 4492
630 393 823 447 „7-

135 568 212 608 tram
249 573 430 623 conversum,
467 554 555 629 pallio
592 553 727 622 indutum,
764 552 840 608 tibiis
869 565 1030 609 canentem.
1078 554 1109 607 ln
1137 565 1234 610 mento
1258 554 1318 608 eius

136 661 214 716 linea
242 660 330 716 rubra
359 661 445 716 ducta
474 672 518 716 est
541 661 614 716 sicut
639 661 665 715 in
689 661 794 736 prioris
817 660 948 735 picturae
972 659 1098 716 tibicine.
1146 657 1317 715 Saltantium

135 767 249 842 figurae
267 768 400 842 depictae
416 781 481 822 sunt
497 765 581 835 duae,
607 767 645 822 ad
662 767 792 822 dextram
810 766 947 837 directae,
974 767 1103 823 faciebus
1119 767 1157 822 ad
1173 767 1317 822 sinistram

137 876 167 928 in
202 875 289 929 altum
325 875 450 934 retortis,
499 875 529 928 ln
557 873 680 948 genibus
709 887 818 943 ternae,
856 875 883 928 in
912 873 1055 950 capitibus
1079 874 1184 948 quinae
1208 891 1318 947 eaeque

136 980 246 1036 rubrae
270 999 398 1056 pennae3
429 980 465 1035 ad
491 980 625 1050 lacertos,
651 981 698 1054 qui
723 981 749 1035 in
774 980 867 1036 altero
890 981 1029 1037 saltatore
1053 981 1218 1037 tenuissima
1244 981 1318 1036 linea

136 1088 208 1163 picti
237 1101 310 1157 sunt,
348 1088 412 1143 alae
443 1087 589 1161 alligatae,
639 1088 668 1141 ln
699 1087 801 1142 mentis
828 1087 958 1162 singulae
982 1088 1074 1144 lineae
1099 1089 1179 1164 ipsae
1204 1105 1318 1160 quoque

136 1194 246 1249 rubrae
281 1195 319 1250 ad
354 1195 515 1270 exemplum
551 1195 619 1270 galli
648 1194 761 1250 barbae
790 1193 913 1250 effectae
937 1196 1160 1271 conspiciuntur.
1208 1197 1318 1253 Lineae

138 1302 281 1378 parvulae
304 1303 350 1357 vel
374 1302 520 1377 punctilla,
546 1301 649 1376 quibus
673 1303 820 1375 utriusque
844 1321 950 1378 corpus
974 1303 1088 1377 tegitur,
1118 1303 1230 1379 plumas
1258 1305 1319 1360 sine

138 1409 228 1465 dubio
253 1410 388 1465 indicant.
422 1411 498 1465 Inter
522 1428 606 1464 crura
632 1409 753 1464 caudam
777 1409 872 1484 pictor
893 1409 1031 1484 effingere
1048 1410 1173 1465 voluisse
1189 1411 1316 1482 videtur;

137 1517 167 1571 in
191 1517 283 1572 altero
308 1518 447 1572 choreuta
473 1516 597 1590 ligamen
621 1517 711 1572 oculis
736 1535 847 1581 cernes,
885 1535 941 1589 quo
971 1517 1063 1572 cauda
1093 1517 1200 1572 circum
1229 1536 1318 1572 coxas

137 1624 236 1679 vincta
272 1637 324 1679 est.
383 1624 428 1678 Ex
464 1624 579 1679 lacertis
615 1623 785 1679 tenuissimis
821 1623 902 1678 lincis
931 1623 1080 1679 delineatis
1108 1636 1137 1679 et
1165 1642 1201 1679 ex
1225 1623 1318 1678 cauda

138 1751 230 1805 usque
254 1731 291 1786 ad
316 1749 405 1785 coxas
430 1731 587 1805 conspicua
611 1731 751 1805 pictorem
776 1730 897 1785 alteram
921 1729 1042 1804 figuram
1064 1749 1082 1785 a
1098 1743 1184 1806 tergo
1202 1749 1318 1806 reprae-

138 1853 256 1894 sentare
280 1838 422 1892 studuisse
447 1856 503 1892 non
528 1838 628 1892 iniuria
652 1837 715 1910 quis
739 1837 866 1912 colligat.

230 1945 309 2001 Cecil
332 1942 426 2000 Smith
451 1944 578 2013 rationis,
605 1962 661 2017 qua
685 1945 813 2019 picturas
838 1944 900 1999 illas
924 1943 979 2000 sibi
1004 1944 1231 2000 considerandas
1254 1963 1319 2000 esse

139 2053 261 2129 putavit,
297 2070 436 2106 summam
461 2050 528 2106 lecit
553 2051 633 2106 hisce
656 2051 764 2121 verbis,
802 2052 818 2106 l.
846 2071 871 2106 c.
901 2072 929 2127 p.
955 2071 1031 2126 311:
1073 2051 1242 2126 »Although
1270 2052 1320 2107 the

139 2178 227 2215 vases
262 2158 363 2214 before
392 2177 424 2213 us
451 2177 503 2214 are
535 2159 639 2231 hardly
669 2177 702 2214 so
727 2158 784 2214 late
812 2178 845 2214 as
873 2159 922 2214 the
952 2159 1018 2214 date
1042 2158 1075 2214 ol
1096 2158 1318 2234 Aristophanes

140 2267 211 2339 they
236 2285 312 2338 may,
345 2267 356 2319 l
380 2265 471 2336 think,
502 2265 539 2321 be
563 2266 693 2336 schown,
731 2279 760 2321 tu
784 2266 878 2321 throw
904 2264 1038 2322 valuable
1062 2266 1135 2340 light
1159 2266 1186 2320 in
1210 2266 1320 2321 certain

140 2374 236 2448 points
260 2372 293 2428 of
314 2373 401 2427 detail
424 2391 462 2428 on
486 2373 535 2428 the
560 2373 660 2428 drama
684 2372 717 2427 ol
737 2373 787 2427 the
810 2372 876 2427 best
896 2373 1002 2428 known
1018 2372 1052 2428 of
1064 2372 1209 2427 Athenian
1226 2390 1320 2427 come-

141 2481 253 2536 <hansa
297 2480 392 2549 Quam
420 2481 578 2554 quaerendi
602 2481 742 2536 rationem
767 2481 862 2535 iniisse
886 2480 939 2536 etsi
962 2499 1018 2535 non
1043 2481 1113 2535 satis
1138 2479 1318 2549 habebimus

144 2601 239 2642 tamen
265 2588 352 2661 digna
377 2588 424 2642 illa
448 2586 570 2658 videtur,
596 2607 682 2661 quam
707 2587 881 2661 aliquamdiu
904 2606 1067 2660 sequamur.

231 2694 376 2750 Wieseler
400 2696 427 2750 in
451 2693 558 2765 libel10,
584 2695 632 2768 qui
656 2694 821 2750 inscribitur
848 2695 1046 2750 »Adversaria
1071 2694 1098 2748 in
1115 2693 1320 2768 Aristophanis

143 2802 223 2857 Aves
247 2814 276 2856 et
292 2801 432 2874 Aeschyli
448 2802 684 2871 Prometheum«,
711 2821 747 2857 ex
770 2801 911 2856 nonnullis
928 2801 1069 2871 versibus,
1095 2802 1141 2874 qui
1166 2813 1320 2856 occurrunt

143 2911 169 2964 in
186 2909 391 2984 Aristophanis
408 2908 529 2975 Avibus,
547 2908 675 2985 probare
692 2923 813 2965 conatur
829 2908 945 2977 λόφωσιν
961 2909 1106 2984 pertinere
1123 2908 1160 2963 ad
1177 2907 1316 2976 sandalia,

143 3035 198 3071 non
222 3016 260 3070 ad
284 3017 388 3071 cristas
412 3016 625 3071 choreutarum.
672 3017 736 3071 Non
760 3017 888 3089 singulos
912 3017 993 3071 locos
1016 3028 1153 3085 retract0,
1183 3015 1235 3070 sed
1264 3014 1320 3070 cui·

144 3142 254 3196 cunque
277 3122 390 3192 λόφωσις
414 3121 518 3178 dubiae
542 3123 759 3198 significationis
784 3122 896 3178 videtur
916 3121 1046 3192 verbum,
1072 3142 1136 3178 eum
1152 3121 1237 3177 iubeo
1254 3139 1320 3176 con·

144 3230 275 3305 templati
309 3229 465 3304 figurarum
501 3243 663 3286 nostrarum
699 3230 797 3305 capita
825 3230 915 3285 vastis
943 3231 1044 3305 pennis
1076 3229 1247 3306 conspicua:
1284 3247 1320 3283 en

145 3335 236 3392 habes
260 3336 375 3406 tipum
403 3337 451 3410 (cf.
483 3336 550 3392 Alb.
581 3338 696 3407 Muller,
727 3338 846 3393 Griech.
873 3337 1169 3406 Blihnenaltertfimer,
1199 3355 1228 3410 p.
1257 3353 1272 3390 2
1279 3352 1317 3408 57

145 3443 211 3503 adn,
239 3446 280 3518 3).

233 3551 359 3606 Musicos
383 3552 410 3605 in
435 3550 547 3606 Avibus
571 3569 713 3626 personas
737 3564 870 3626 gestasse
895 3563 1017 3605 constat.
1065 3550 1180 3624 Figuris
1204 3551 1319 3620 nostris,

145 3675 292 3732 quousque
326 3658 425 3713 musici
460 3658 608 3734 personati
644 3676 709 3713 esse
737 3659 891 3733 potuerint,
928 3657 1093 3712 illustratur.
1144 3657 1263 3712 Pallium
1292 3657 1320 3712 in

145 3764 258 3828 musicis
281 3766 414 3820 usitatum
438 3784 495 3820 non
519 3765 610 3835 deest,
647 3783 740 3838 neque
776 3765 878 3820 desunt
906 3764 993 3820 tibiae
1022 3783 1146 3838 magnac
1175 3764 1317 3838 geminae.

144 3870 296 3941 Wieseler,
334 3871 351 3926 l.
382 3891 407 3926 c.
437 3893 466 3947 p.
491 3872 541 3945 52,
577 3891 631 3948 pro
667 3885 762 3927 rostro
792 3871 878 3927 tibias
906 3873 1021 3927 musicis
1049 3871 1135 3926 fuisse
1163 3871 1320 3928 contendit.

146 3976 196 4032 Cui
226 3976 304 4047 libet,
341 3979 460 4034 vasculo
484 3979 662 4034 Berolinensi
696 3978 816 4054 probari
845 3979 919 4033 hanc
944 3979 1138 4034 coniecturam
1164 3977 1265 4051 dicat,¹
1293 3979 1321 4034 in

146 4084 295 4140 oenoehoe
323 4103 394 4140 vero
425 4087 514 4141 musei
539 4085 694 4140 Britannici
722 4104 779 4158 ego
807 4099 877 4160 puto
906 4083 1051 4140 tibicinem
1080 4084 1165 4138 rostri
1193 4086 1322 4159 speciem
