<?xml version="1.0" encoding="UTF-8"?>
<!DOCTYPE html PUBLIC "-//W3C//DTD XHTML 1.0 Transitional//EN"
    "http://www.w3.org/TR/xhtml1/DTD/xhtml1-transitional.dtd">
<html xmlns="http://www.w3.org/1999/xhtml" xml:lang="en" lang="en">
 <head>
  <title>
</title>
<meta http-equiv="Content-Type" content="text/html;charset=utf-8" />
  <meta name='ocr-system' content='tesseract 3.04.00' />
  <meta name='ocr-capabilities' content='ocr_page ocr_carea ocr_par ocr_line ocrx_word'/>
</head>
<body>
  <div class='ocr_page' id='page_1' title='image "./decomoediaeatti00poppgoog_0047.png"; bbox 0 0 2910 4492; ppageno 0'>
   <div class='ocr_carea' id='block_1_1' title="bbox 684 373 899 427">
    <p class='ocr_par' dir='ltr' id='par_1_1' title="bbox 684 373 899 427">
     <span class='ocr_line' id='line_1_1' title="bbox 684 373 899 427; baseline 0.005 -31"><span class='ocrx_word' id='word_1_1' title='bbox 684 373 899 427; x_wconf 53' lang='lat'>„42-</span> 
     </span>
    </p>
   </div>
   <div class='ocr_carea' id='block_1_2' title="bbox 130 531 1389 2218">
    <p class='ocr_par' dir='ltr' id='par_1_2' title="bbox 130 531 1386 1468">
     <span class='ocr_line' id='line_1_2' title="bbox 201 531 1380 611; baseline 0.001 -22"><span class='ocrx_word' id='word_1_2' title='bbox 201 535 295 608; x_wconf 87' lang='lat' dir='ltr'>ginem</span> <span class='ocrx_word' id='word_1_3' title='bbox 321 536 492 592; x_wconf 91' lang='lat' dir='ltr'>comoediae</span> <span class='ocrx_word' id='word_1_4' title='bbox 516 531 673 611; x_wconf 76' lang='lat' dir='ltr'>originalia,</span> <span class='ocrx_word' id='word_1_5' title='bbox 703 556 788 609; x_wconf 89' lang='lat' dir='ltr'>quam</span> <span class='ocrx_word' id='word_1_6' title='bbox 817 535 1001 591; x_wconf 88' lang='lat' dir='ltr'>adumbravit</span> <span class='ocrx_word' id='word_1_7' title='bbox 1030 536 1084 591; x_wconf 91' lang='lat' dir='ltr'>iarn</span> <span class='ocrx_word' id='word_1_8' title='bbox 1110 537 1326 610; x_wconf 83' lang='lat' dir='ltr'>Kannegiesser</span> <span class='ocrx_word' id='word_1_9' title='bbox 1351 537 1380 590; x_wconf 88' lang='lat' dir='ltr'>in</span> 
     </span>
     <span class='ocr_line' id='line_1_3' title="bbox 202 642 1382 718; baseline 0.003 -22"><span class='ocrx_word' id='word_1_10' title='bbox 202 642 285 711; x_wconf 92' lang='lat' dir='ltr'>libr0,</span> <span class='ocrx_word' id='word_1_11' title='bbox 310 644 358 717; x_wconf 91' lang='lat' dir='ltr'>qui</span> <span class='ocrx_word' id='word_1_12' title='bbox 382 643 545 699; x_wconf 83' lang='lat' dir='ltr'>inscribitur</span> <span class='ocrx_word' id='word_1_13' title='bbox 572 644 645 698; x_wconf 78' lang='lat' dir='ltr'>»Die</span> <span class='ocrx_word' id='word_1_14' title='bbox 669 643 726 697; x_wconf 90' lang='lat' dir='ltr'>alte</span> <span class='ocrx_word' id='word_1_15' title='bbox 744 643 894 698; x_wconf 89' lang='lat' dir='ltr'>komische</span> <span class='ocrx_word' id='word_1_16' title='bbox 911 644 1010 698; x_wconf 79' lang='lat' dir='ltr'>Bfihne</span> <span class='ocrx_word' id='word_1_17' title='bbox 1027 645 1054 697; x_wconf 92' lang='lat' dir='ltr'>in</span> <span class='ocrx_word' id='word_1_18' title='bbox 1072 643 1187 698; x_wconf 78' lang='lat' dir='ltr'>Athen«</span> <span class='ocrx_word' id='word_1_19' title='bbox 1207 643 1256 716; x_wconf 88' lang='lat' dir='ltr'>(cf.</span> <span class='ocrx_word' id='word_1_20' title='bbox 1274 663 1303 718; x_wconf 88' lang='lat' dir='ltr'>p.</span> <span class='ocrx_word' id='word_1_21' title='bbox 1325 645 1382 716; x_wconf 81' lang='lat'>75)</span> 
     </span>
     <span class='ocr_line' id='line_1_4' title="bbox 201 749 1378 825; baseline 0 -21"><span class='ocrx_word' id='word_1_22' title='bbox 201 769 344 825; x_wconf 83' lang='lat' dir='ltr'>quamque</span> <span class='ocrx_word' id='word_1_23' title='bbox 367 750 580 825; x_wconf 88' lang='lat' dir='ltr'>quodammodo</span> <span class='ocrx_word' id='word_1_24' title='bbox 605 764 719 806; x_wconf 89' lang='lat' dir='ltr'>secutus</span> <span class='ocrx_word' id='word_1_25' title='bbox 743 763 787 807; x_wconf 89' lang='lat' dir='ltr'>est</span> <span class='ocrx_word' id='word_1_26' title='bbox 807 749 992 806; x_wconf 85' lang='lat' dir='ltr'>Godofredus</span> <span class='ocrx_word' id='word_1_27' title='bbox 1010 751 1156 806; x_wconf 80' lang='lat' dir='ltr'>Hermann</span> <span class='ocrx_word' id='word_1_28' title='bbox 1181 750 1208 804; x_wconf 94' lang='lat' dir='ltr'>in</span> <span class='ocrx_word' id='word_1_29' title='bbox 1232 768 1378 805; x_wconf 91' lang='lat' dir='ltr'>commen-</span> 
     </span>
     <span class='ocr_line' id='line_1_5' title="bbox 202 857 1382 932; baseline 0 -21"><span class='ocrx_word' id='word_1_30' title='bbox 202 858 319 924; x_wconf 83' lang='lat' dir='ltr'>tatione,</span> <span class='ocrx_word' id='word_1_31' title='bbox 356 877 441 931; x_wconf 90' lang='lat' dir='ltr'>quam</span> <span class='ocrx_word' id='word_1_32' title='bbox 477 859 512 914; x_wconf 89' lang='lat' dir='ltr'>de</span> <span class='ocrx_word' id='word_1_33' title='bbox 542 858 675 914; x_wconf 84' lang='lat' dir='ltr'>Meinekii</span> <span class='ocrx_word' id='word_1_34' title='bbox 705 857 830 912; x_wconf 81' lang='lat' dir='ltr'>editione</span> <span class='ocrx_word' id='word_1_35' title='bbox 860 857 1086 932; x_wconf 78' lang='lat' dir='ltr'>fragmentorum</span> <span class='ocrx_word' id='word_1_36' title='bbox 1111 857 1284 912; x_wconf 89' lang='lat' dir='ltr'>comicorum</span> <span class='ocrx_word' id='word_1_37' title='bbox 1311 875 1382 911; x_wconf 88' lang='lat' dir='ltr'>con—</span> 
     </span>
     <span class='ocr_line' id='line_1_6' title="bbox 202 963 1384 1040; baseline 0 -22"><span class='ocrx_word' id='word_1_38' title='bbox 202 965 325 1039; x_wconf 86' lang='lat' dir='ltr'>scripsit.</span> <span class='ocrx_word' id='word_1_39' title='bbox 373 963 431 1020; x_wconf 86' lang='lat' dir='ltr'>Sed</span> <span class='ocrx_word' id='word_1_40' title='bbox 462 966 558 1040; x_wconf 92' lang='lat' dir='ltr'>paullo</span> <span class='ocrx_word' id='word_1_41' title='bbox 587 966 700 1033; x_wconf 78' lang='lat' dir='ltr'>clariuS,</span> <span class='ocrx_word' id='word_1_42' title='bbox 738 966 761 1019; x_wconf 93' lang='lat' dir='ltr'>si</span> <span class='ocrx_word' id='word_1_43' title='bbox 790 964 846 1020; x_wconf 89' lang='lat' dir='ltr'>hoc</span> <span class='ocrx_word' id='word_1_44' title='bbox 876 965 951 1020; x_wconf 91' lang='lat' dir='ltr'>dictu</span> <span class='ocrx_word' id='word_1_45' title='bbox 981 964 1024 1019; x_wconf 87' lang='lat' dir='ltr'>sas</span> <span class='ocrx_word' id='word_1_46' title='bbox 1048 977 1101 1031; x_wconf 86' lang='lat' dir='ltr'>est,</span> <span class='ocrx_word' id='word_1_47' title='bbox 1127 984 1164 1020; x_wconf 91' lang='lat' dir='ltr'>ex</span> <span class='ocrx_word' id='word_1_48' title='bbox 1186 976 1286 1019; x_wconf 89' lang='lat' dir='ltr'>nostra</span> <span class='ocrx_word' id='word_1_49' title='bbox 1310 982 1384 1018; x_wconf 89' lang='lat' dir='ltr'>con-</span> 
     </span>
     <span class='ocr_line' id='line_1_7' title="bbox 203 1070 1383 1148; baseline -0.002 -22"><span class='ocrx_word' id='word_1_50' title='bbox 203 1071 388 1146; x_wconf 81' lang='lat' dir='ltr'>templatione</span> <span class='ocrx_word' id='word_1_51' title='bbox 423 1092 528 1128; x_wconf 78' lang='lat' dir='ltr'>scenae</span> <span class='ocrx_word' id='word_1_52' title='bbox 563 1072 690 1127; x_wconf 88' lang='lat' dir='ltr'>scurrilis</span> <span class='ocrx_word' id='word_1_53' title='bbox 725 1085 791 1147; x_wconf 91' lang='lat' dir='ltr'>post</span> <span class='ocrx_word' id='word_1_54' title='bbox 826 1071 992 1147; x_wconf 88' lang='lat' dir='ltr'>parabasim</span> <span class='ocrx_word' id='word_1_55' title='bbox 1021 1073 1093 1127; x_wconf 85' lang='lat' dir='ltr'>sitae</span> <span class='ocrx_word' id='word_1_56' title='bbox 1117 1071 1308 1148; x_wconf 87' lang='lat' dir='ltr'>perspicietur</span> <span class='ocrx_word' id='word_1_57' title='bbox 1333 1070 1383 1125; x_wconf 92' lang='lat' dir='ltr'>ille</span> 
     </span>
     <span class='ocr_line' id='line_1_8' title="bbox 130 1178 1383 1256; baseline 0 -24"><span class='ocrx_word' id='word_1_58' title='bbox 130 1250 133 1256; x_wconf 28' lang='grc' dir='ltr'>Ι</span> <span class='ocrx_word' id='word_1_59' title='bbox 203 1178 283 1245; x_wconf 83' lang='lat' dir='ltr'>locus</span> <span class='ocrx_word' id='word_1_60' title='bbox 307 1178 589 1255; x_wconf 85' lang='lat' dir='ltr'>lexicographorum,</span> <span class='ocrx_word' id='word_1_61' title='bbox 621 1180 647 1234; x_wconf 89' lang='lat' dir='ltr'>in</span> <span class='ocrx_word' id='word_1_62' title='bbox 676 1199 733 1254; x_wconf 89' lang='lat' dir='ltr'>quo</span> <span class='ocrx_word' id='word_1_63' title='bbox 757 1180 974 1254; x_wconf 91' lang='lat' dir='ltr'>interpretando</span> <span class='ocrx_word' id='word_1_64' title='bbox 999 1179 1035 1234; x_wconf 78' lang='lat' dir='ltr'>G.</span> <span class='ocrx_word' id='word_1_65' title='bbox 1063 1178 1219 1234; x_wconf 86' lang='lat' dir='ltr'>Hermanni</span> <span class='ocrx_word' id='word_1_66' title='bbox 1242 1196 1278 1233; x_wconf 88' lang='lat' dir='ltr'>ea</span> <span class='ocrx_word' id='word_1_67' title='bbox 1303 1196 1383 1232; x_wconf 89' lang='lat' dir='ltr'>com-</span> 
     </span>
     <span class='ocr_line' id='line_1_9' title="bbox 204 1283 1386 1360; baseline -0.001 -21"><span class='ocrx_word' id='word_1_68' title='bbox 204 1285 341 1340; x_wconf 88' lang='lat' dir='ltr'>mentatio</span> <span class='ocrx_word' id='word_1_69' title='bbox 377 1300 517 1341; x_wconf 88' lang='lat' dir='ltr'>versatur.</span> <span class='ocrx_word' id='word_1_70' title='bbox 576 1287 744 1360; x_wconf 72' lang='lat' dir='ltr'>Priusquam</span> <span class='ocrx_word' id='word_1_71' title='bbox 781 1287 819 1340; x_wconf 85' lang='lat' dir='ltr'>arl</span> <span class='ocrx_word' id='word_1_72' title='bbox 855 1305 918 1341; x_wconf 91' lang='lat' dir='ltr'>eum</span> <span class='ocrx_word' id='word_1_73' title='bbox 954 1285 1168 1341; x_wconf 88' lang='lat' dir='ltr'>retractandum</span> <span class='ocrx_word' id='word_1_74' title='bbox 1204 1283 1386 1340; x_wconf 82' lang='lat' dir='ltr'>accedamus</span> 
     </span>
     <span class='ocr_line' id='line_1_10' title="bbox 204 1393 650 1468; baseline 0.002 -21"><span class='ocrx_word' id='word_1_75' title='bbox 204 1412 297 1467; x_wconf 87' lang='lat' dir='ltr'>pauca</span> <span class='ocrx_word' id='word_1_76' title='bbox 321 1393 449 1468; x_wconf 81' lang='lat' dir='ltr'>praefari</span> <span class='ocrx_word' id='word_1_77' title='bbox 473 1413 509 1449; x_wconf 88' lang='lat' dir='ltr'>ex</span> <span class='ocrx_word' id='word_1_78' title='bbox 532 1413 563 1448; x_wconf 91' lang='lat' dir='ltr'>re</span> <span class='ocrx_word' id='word_1_79' title='bbox 588 1395 650 1448; x_wconf 88' lang='lat' dir='ltr'>erit.</span> 
     </span>
    </p>

    <p class='ocr_par' dir='ltr' id='par_1_3' title="bbox 204 1496 1389 2218">
     <span class='ocr_line' id='line_1_11' title="bbox 293 1496 1385 1582; baseline 0 -31"><span class='ocrx_word' id='word_1_80' title='bbox 293 1496 398 1563; x_wconf 67' lang='grc' dir='ltr'><em>ἶέίιαξία</em></span> <span class='ocrx_word' id='word_1_81' title='bbox 423 1501 592 1556; x_wconf 88' lang='lat' dir='ltr'>comoediae</span> <span class='ocrx_word' id='word_1_82' title='bbox 608 1501 797 1576; x_wconf 81' lang='lat' dir='ltr'>primigenae,</span> <span class='ocrx_word' id='word_1_83' title='bbox 823 1501 981 1576; x_wconf 91' lang='lat' dir='ltr'>episodium</span> <span class='ocrx_word' id='word_1_84' title='bbox 999 1501 1037 1556; x_wconf 87' lang='lat' dir='ltr'>ad</span> <span class='ocrx_word' id='word_1_85' title='bbox 1054 1499 1213 1582; x_wconf 90' lang='lat' dir='ltr'>episodium</span> <span class='ocrx_word' id='word_1_86' title='bbox 1229 1498 1385 1554; x_wconf 88' lang='lat' dir='ltr'>asserendi</span> 
     </span>
     <span class='ocr_line' id='line_1_12' title="bbox 205 1605 1386 1682; baseline -0.003 -20"><span class='ocrx_word' id='word_1_87' title='bbox 205 1609 288 1676; x_wconf 82' lang='lat' dir='ltr'>ratio,</span> <span class='ocrx_word' id='word_1_88' title='bbox 326 1608 447 1663; x_wconf 86' lang='lat' dir='ltr'>maxime</span> <span class='ocrx_word' id='word_1_89' title='bbox 483 1608 617 1682; x_wconf 89' lang='lat' dir='ltr'>opposita</span> <span class='ocrx_word' id='word_1_90' title='bbox 652 1621 696 1663; x_wconf 91' lang='lat' dir='ltr'>est</span> <span class='ocrx_word' id='word_1_91' title='bbox 724 1627 818 1662; x_wconf 84' lang='lat' dir='ltr'>novae</span> <span class='ocrx_word' id='word_1_92' title='bbox 843 1608 1012 1663; x_wconf 89' lang='lat' dir='ltr'>comoediae</span> <span class='ocrx_word' id='word_1_93' title='bbox 1035 1608 1138 1664; x_wconf 89' lang='lat' dir='ltr'>rationi</span> <span class='ocrx_word' id='word_1_94' title='bbox 1163 1605 1289 1662; x_wconf 86' lang='lat' dir='ltr'>fabulam</span> <span class='ocrx_word' id='word_1_95' title='bbox 1314 1606 1386 1659; x_wconf 87' lang='lat' dir='ltr'>arti-</span> 
     </span>
     <span class='ocr_line' id='line_1_13' title="bbox 204 1714 1384 1790; baseline -0.002 -22"><span class='ocrx_word' id='word_1_96' title='bbox 204 1714 302 1769; x_wconf 86' lang='lat' dir='ltr'>ficiose</span> <span class='ocrx_word' id='word_1_97' title='bbox 327 1714 535 1788; x_wconf 83' lang='lat' dir='ltr'>contorquenrli</span> <span class='ocrx_word' id='word_1_98' title='bbox 559 1727 588 1769; x_wconf 92' lang='lat' dir='ltr'>et</span> <span class='ocrx_word' id='word_1_99' title='bbox 611 1715 784 1770; x_wconf 89' lang='lat' dir='ltr'>resolvendi.</span> <span class='ocrx_word' id='word_1_100' title='bbox 822 1717 852 1768; x_wconf 91' lang='lat' dir='ltr'>ln</span> <span class='ocrx_word' id='word_1_101' title='bbox 878 1715 1091 1790; x_wconf 61' lang='lat' dir='ltr'>Aristophanis</span> <span class='ocrx_word' id='word_1_102' title='bbox 1117 1733 1191 1789; x_wconf 88' lang='lat' dir='ltr'>quae</span> <span class='ocrx_word' id='word_1_103' title='bbox 1214 1726 1384 1788; x_wconf 87' lang='lat' dir='ltr'>supersunt,</span> 
     </span>
     <span class='ocr_line' id='line_1_14' title="bbox 205 1820 1388 1896; baseline -0.003 -20"><span class='ocrx_word' id='word_1_104' title='bbox 205 1820 308 1876; x_wconf 87' lang='lat' dir='ltr'>fabulis</span> <span class='ocrx_word' id='word_1_105' title='bbox 344 1832 435 1876; x_wconf 90' lang='lat' dir='ltr'>artem</span> <span class='ocrx_word' id='word_1_106' title='bbox 471 1823 609 1876; x_wconf 91' lang='lat' dir='ltr'>comicam</span> <span class='ocrx_word' id='word_1_107' title='bbox 639 1822 675 1876; x_wconf 91' lang='lat' dir='ltr'>ad</span> <span class='ocrx_word' id='word_1_108' title='bbox 706 1822 781 1876; x_wconf 92' lang='lat' dir='ltr'>illam</span> <span class='ocrx_word' id='word_1_109' title='bbox 810 1821 1038 1877; x_wconf 83' lang='lat' dir='ltr'>artificiosiorem</span> <span class='ocrx_word' id='word_1_110' title='bbox 1063 1821 1290 1896; x_wconf 86' lang='lat' dir='ltr'>complexionem</span> <span class='ocrx_word' id='word_1_111' title='bbox 1315 1838 1388 1894; x_wconf 88' lang='lat' dir='ltr'>pro-</span> 
     </span>
     <span class='ocr_line' id='line_1_15' title="bbox 205 1927 1386 2002; baseline 0 -20"><span class='ocrx_word' id='word_1_112' title='bbox 205 1928 289 2002; x_wconf 80' lang='lat' dir='ltr'>gredi</span> <span class='ocrx_word' id='word_1_113' title='bbox 325 1928 463 1983; x_wconf 82' lang='lat' dir='ltr'>videmus.</span> <span class='ocrx_word' id='word_1_114' title='bbox 522 1928 654 2001; x_wconf 87' lang='lat' dir='ltr'>Equites,</span> <span class='ocrx_word' id='word_1_115' title='bbox 691 1927 803 1996; x_wconf 78' lang='lat' dir='ltr'>NubeS,</span> <span class='ocrx_word' id='word_1_116' title='bbox 840 1929 1018 2002; x_wconf 89' lang='lat' dir='ltr'>Lysistrata,</span> <span class='ocrx_word' id='word_1_117' title='bbox 1055 1927 1386 2002; x_wconf 84' lang='lat' dir='ltr'>Thesmophoriazusae</span> 
     </span>
     <span class='ocr_line' id='line_1_16' title="bbox 207 2031 1389 2111; baseline -0.002 -21"><span class='ocrx_word' id='word_1_118' title='bbox 207 2034 331 2090; x_wconf 86' lang='lat' dir='ltr'>fabulam</span> <span class='ocrx_word' id='word_1_119' title='bbox 368 2035 545 2109; x_wconf 85' lang='lat' dir='ltr'>aliquatenus</span> <span class='ocrx_word' id='word_1_120' title='bbox 580 2036 698 2111; x_wconf 89' lang='lat' dir='ltr'>politam</span> <span class='ocrx_word' id='word_1_121' title='bbox 730 2035 876 2104; x_wconf 86' lang='lat' dir='ltr'>exhibent,</span> <span class='ocrx_word' id='word_1_122' title='bbox 913 2035 1031 2110; x_wconf 90' lang='lat' dir='ltr'>Vespae</span> <span class='ocrx_word' id='word_1_123' title='bbox 1060 2050 1088 2090; x_wconf 90' lang='lat' dir='ltr'>et</span> <span class='ocrx_word' id='word_1_124' title='bbox 1116 2035 1216 2095; x_wconf 86' lang='lat' dir='ltr'>Ranae</span> <span class='ocrx_word' id='word_1_125' title='bbox 1245 2033 1273 2088; x_wconf 90' lang='lat' dir='ltr'>in</span> <span class='ocrx_word' id='word_1_126' title='bbox 1298 2031 1389 2088; x_wconf 86' lang='lat' dir='ltr'>binas</span> 
     </span>
     <span class='ocr_line' id='line_1_17' title="bbox 207 2141 1385 2218; baseline -0.002 -20"><span class='ocrx_word' id='word_1_127' title='bbox 207 2155 305 2218; x_wconf 90' lang='lat' dir='ltr'>partes</span> <span class='ocrx_word' id='word_1_128' title='bbox 341 2143 450 2197; x_wconf 83' lang='lat' dir='ltr'>divisae</span> <span class='ocrx_word' id='word_1_129' title='bbox 485 2156 549 2197; x_wconf 86' lang='lat' dir='ltr'>sunt</span> <span class='ocrx_word' id='word_1_130' title='bbox 584 2142 679 2198; x_wconf 89' lang='lat' dir='ltr'>obiter</span> <span class='ocrx_word' id='word_1_131' title='bbox 714 2157 822 2197; x_wconf 90' lang='lat' dir='ltr'>tantum</span> <span class='ocrx_word' id='word_1_132' title='bbox 851 2161 1006 2211; x_wconf 76' lang='lat' dir='ltr'>connexae,</span> <span class='ocrx_word' id='word_1_133' title='bbox 1046 2141 1273 2197; x_wconf 81' lang='lat' dir='ltr'>Acharnensium</span> <span class='ocrx_word' id='word_1_134' title='bbox 1298 2159 1385 2208; x_wconf 92' lang='lat' dir='ltr'>ver0,</span> 
     </span>
    </p>
   </div>
   <div class='ocr_carea' id='block_1_3' title="bbox 207 2247 1388 2325">
    <p class='ocr_par' dir='ltr' id='par_1_4' title="bbox 207 2247 1388 2325">
     <span class='ocr_line' id='line_1_18' title="bbox 207 2247 1388 2325; baseline -0.002 -21"><span class='ocrx_word' id='word_1_135' title='bbox 207 2251 299 2314; x_wconf 83' lang='lat' dir='ltr'>Pacis,</span> <span class='ocrx_word' id='word_1_136' title='bbox 339 2250 451 2317; x_wconf 70' lang='lat' dir='ltr'>Avium,</span> <span class='ocrx_word' id='word_1_137' title='bbox 489 2250 764 2319; x_wconf 79' lang='lat' dir='ltr'>Ecclesiazusarum,</span> <span class='ocrx_word' id='word_1_138' title='bbox 795 2250 868 2304; x_wconf 87' lang='lat' dir='ltr'>Pluti</span> <span class='ocrx_word' id='word_1_139' title='bbox 893 2250 920 2304; x_wconf 91' lang='lat' dir='ltr'>id</span> <span class='ocrx_word' id='word_1_140' title='bbox 945 2263 989 2305; x_wconf 89' lang='lat' dir='ltr'>est</span> <span class='ocrx_word' id='word_1_141' title='bbox 1012 2250 1169 2325; x_wconf 91' lang='lat' dir='ltr'>proprium,</span> <span class='ocrx_word' id='word_1_142' title='bbox 1199 2247 1277 2320; x_wconf 91' lang='lat' dir='ltr'>quod</span> <span class='ocrx_word' id='word_1_143' title='bbox 1302 2247 1388 2322; x_wconf 84' lang='lat' dir='ltr'>prior</span> 
     </span>
    </p>
   </div>
   <div class='ocr_carea' id='block_1_4' title="bbox 207 2356 1387 2432">
    <p class='ocr_par' dir='ltr' id='par_1_5' title="bbox 207 2356 1387 2432">
     <span class='ocr_line' id='line_1_19' title="bbox 207 2356 1387 2432; baseline -0.002 -21"><span class='ocrx_word' id='word_1_144' title='bbox 207 2375 276 2432; x_wconf 87' lang='lat' dir='ltr'>pars</span> <span class='ocrx_word' id='word_1_145' title='bbox 300 2357 424 2412; x_wconf 80' lang='lat' dir='ltr'>fabulam</span> <span class='ocrx_word' id='word_1_146' title='bbox 449 2359 519 2411; x_wconf 87' lang='lat' dir='ltr'>satis</span> <span class='ocrx_word' id='word_1_147' title='bbox 544 2358 685 2411; x_wconf 84' lang='lat' dir='ltr'>excultam</span> <span class='ocrx_word' id='word_1_148' title='bbox 711 2356 808 2426; x_wconf 89' lang='lat' dir='ltr'>habet,</span> <span class='ocrx_word' id='word_1_149' title='bbox 834 2376 909 2430; x_wconf 90' lang='lat' dir='ltr'>quae</span> <span class='ocrx_word' id='word_1_150' title='bbox 934 2357 960 2410; x_wconf 90' lang='lat' dir='ltr'>in</span> <span class='ocrx_word' id='word_1_151' title='bbox 977 2357 1068 2412; x_wconf 90' lang='lat' dir='ltr'>altera</span> <span class='ocrx_word' id='word_1_152' title='bbox 1086 2368 1168 2430; x_wconf 92' lang='lat' dir='ltr'>parte</span> <span class='ocrx_word' id='word_1_153' title='bbox 1184 2373 1241 2409; x_wconf 93' lang='lat' dir='ltr'>non</span> <span class='ocrx_word' id='word_1_154' title='bbox 1258 2367 1387 2425; x_wconf 89' lang='lat' dir='ltr'>tenetur,</span> 
     </span>
    </p>
   </div>
   <div class='ocr_carea' id='block_1_5' title="bbox 208 2459 1435 4041">
    <p class='ocr_par' dir='ltr' id='par_1_6' title="bbox 208 2459 1435 4041">
     <span class='ocr_line' id='line_1_20' title="bbox 208 2459 1388 2539; baseline 0 -23"><span class='ocrx_word' id='word_1_155' title='bbox 208 2465 274 2536; x_wconf 86' lang='lat' dir='ltr'>quia</span> <span class='ocrx_word' id='word_1_156' title='bbox 298 2477 404 2539; x_wconf 89' lang='lat' dir='ltr'>poetae</span> <span class='ocrx_word' id='word_1_157' title='bbox 429 2465 547 2517; x_wconf 86' lang='lat' dir='ltr'>interest</span> <span class='ocrx_word' id='word_1_158' title='bbox 570 2465 636 2537; x_wconf 86' lang='lat' dir='ltr'>quid</span> <span class='ocrx_word' id='word_1_159' title='bbox 666 2465 733 2519; x_wconf 91' lang='lat' dir='ltr'>utile</span> <span class='ocrx_word' id='word_1_160' title='bbox 763 2465 849 2519; x_wconf 91' lang='lat' dir='ltr'>ducat</span> <span class='ocrx_word' id='word_1_161' title='bbox 873 2465 914 2519; x_wconf 92' lang='lat' dir='ltr'>rei</span> <span class='ocrx_word' id='word_1_162' title='bbox 938 2462 1072 2539; x_wconf 87' lang='lat' dir='ltr'>publicae</span> <span class='ocrx_word' id='word_1_163' title='bbox 1096 2459 1312 2538; x_wconf 80' lang='lat' dir='ltr'>spectatoribus</span> <span class='ocrx_word' id='word_1_164' title='bbox 1338 2461 1388 2516; x_wconf 89' lang='lat' dir='ltr'>de-</span> 
     </span>
     <span class='ocr_line' id='line_1_21' title="bbox 210 2570 1386 2646; baseline 0 -22"><span class='ocrx_word' id='word_1_165' title='bbox 210 2583 379 2624; x_wconf 87' lang='lat' dir='ltr'>monstrare.</span> <span class='ocrx_word' id='word_1_166' title='bbox 429 2571 480 2623; x_wconf 87' lang='lat' dir='ltr'>His</span> <span class='ocrx_word' id='word_1_167' title='bbox 516 2571 542 2623; x_wconf 88' lang='lat' dir='ltr'>in</span> <span class='ocrx_word' id='word_1_168' title='bbox 579 2570 681 2625; x_wconf 83' lang='lat' dir='ltr'>fabulis</span> <span class='ocrx_word' id='word_1_169' title='bbox 708 2571 919 2646; x_wconf 77' lang='lat' dir='ltr'>Aristophanes</span> <span class='ocrx_word' id='word_1_170' title='bbox 955 2571 991 2624; x_wconf 86' lang='lat' dir='ltr'>ad</span> <span class='ocrx_word' id='word_1_171' title='bbox 1024 2589 1087 2625; x_wconf 91' lang='lat' dir='ltr'>eam</span> <span class='ocrx_word' id='word_1_172' title='bbox 1112 2582 1203 2624; x_wconf 85' lang='lat' dir='ltr'>artem</span> <span class='ocrx_word' id='word_1_173' title='bbox 1227 2570 1386 2642; x_wconf 89' lang='lat' dir='ltr'>processit,</span> 
     </span>
     <span class='ocr_line' id='line_1_22' title="bbox 210 2675 1388 2752; baseline 0.001 -23"><span class='ocrx_word' id='word_1_174' title='bbox 210 2691 238 2731; x_wconf 87' lang='lat' dir='ltr'>ut</span> <span class='ocrx_word' id='word_1_175' title='bbox 262 2677 479 2751; x_wconf 85' lang='lat' dir='ltr'>expositionem,</span> <span class='ocrx_word' id='word_1_176' title='bbox 517 2697 601 2750; x_wconf 87' lang='lat' dir='ltr'>quam</span> <span class='ocrx_word' id='word_1_177' title='bbox 627 2678 754 2747; x_wconf 47' lang='lat' dir='ltr'>dicimus-¹,</span> <span class='ocrx_word' id='word_1_178' title='bbox 792 2678 931 2752; x_wconf 80' lang='lat' dir='ltr'>perficiat,</span> <span class='ocrx_word' id='word_1_179' title='bbox 969 2678 1105 2751; x_wconf 86' lang='lat' dir='ltr'>neglegat</span> <span class='ocrx_word' id='word_1_180' title='bbox 1129 2688 1236 2733; x_wconf 85' lang='lat' dir='ltr'>cetera.</span> <span class='ocrx_word' id='word_1_181' title='bbox 1287 2675 1388 2750; x_wconf 84' lang='lat' dir='ltr'>Atque</span> 
     </span>
     <span class='ocr_line' id='line_1_23' title="bbox 209 2781 1390 2858; baseline -0.001 -21"><span class='ocrx_word' id='word_1_182' title='bbox 209 2784 330 2837; x_wconf 85' lang='lat' dir='ltr'>eandem</span> <span class='ocrx_word' id='word_1_183' title='bbox 367 2784 558 2858; x_wconf 88' lang='lat' dir='ltr'>componendi</span> <span class='ocrx_word' id='word_1_184' title='bbox 587 2783 698 2839; x_wconf 85' lang='lat' dir='ltr'>fabulas</span> <span class='ocrx_word' id='word_1_185' title='bbox 728 2787 866 2839; x_wconf 88' lang='lat' dir='ltr'>rationem</span> <span class='ocrx_word' id='word_1_186' title='bbox 893 2786 918 2838; x_wconf 91' lang='lat' dir='ltr'>iu</span> <span class='ocrx_word' id='word_1_187' title='bbox 943 2785 1061 2840; x_wconf 84' lang='lat' dir='ltr'>Cratino</span> <span class='ocrx_word' id='word_1_188' title='bbox 1085 2802 1150 2839; x_wconf 89' lang='lat' dir='ltr'>sese</span> <span class='ocrx_word' id='word_1_189' title='bbox 1174 2781 1323 2836; x_wconf 86' lang='lat' dir='ltr'>Platonius</span> <span class='ocrx_word' id='word_1_190' title='bbox 1349 2784 1390 2837; x_wconf 89' lang='lat' dir='ltr'>in-</span> 
     </span>
     <span class='ocr_line' id='line_1_24' title="bbox 210 2879 1388 2961; baseline -0.001 -18"><span class='ocrx_word' id='word_1_191' title='bbox 210 2879 323 2945; x_wconf 80' lang='lat' dir='ltr'>l&#39;enisse</span> <span class='ocrx_word' id='word_1_192' title='bbox 348 2904 481 2945; x_wconf 79' lang='lat' dir='ltr'>testatur:</span> <span class='ocrx_word' id='word_1_193' title='bbox 518 2891 634 2958; x_wconf 59' lang='lat' dir='ltr'>ai‘ornxos</span> <span class='ocrx_word' id='word_1_194' title='bbox 658 2891 685 2943; x_wconf 80' lang='grc' dir='ltr'>δὲ</span> <span class='ocrx_word' id='word_1_195' title='bbox 704 2892 740 2943; x_wconf 82' lang='grc' dir='ltr'>ὢν</span> <span class='ocrx_word' id='word_1_196' title='bbox 759 2892 786 2943; x_wconf 79' lang='grc' dir='ltr'>ἐν</span> <span class='ocrx_word' id='word_1_197' title='bbox 807 2895 861 2948; x_wconf 74' lang='grc' dir='ltr'>τοῖς</span> <span class='ocrx_word' id='word_1_198' title='bbox 881 2891 1014 2961; x_wconf 68' lang='grc' dir='ltr'><em>ἐπιβολαῖς</em></span> <span class='ocrx_word' id='word_1_199' title='bbox 1034 2894 1083 2943; x_wconf 79' lang='grc' dir='ltr'>τῶν</span> <span class='ocrx_word' id='word_1_200' title='bbox 1103 2890 1243 2961; x_wconf 73' lang='grc' dir='ltr'>δραμάτων</span> <span class='ocrx_word' id='word_1_201' title='bbox 1263 2895 1309 2941; x_wconf 83' lang='grc' dir='ltr'><em>καὶ</em></span> <span class='ocrx_word' id='word_1_202' title='bbox 1330 2889 1388 2942; x_wconf 81' lang='grc' dir='ltr'><em>δια-</em></span> 
     </span>
     <span class='ocr_line' id='line_1_25' title="bbox 211 2996 1391 3073; baseline 0.002 -24"><span class='ocrx_word' id='word_1_203' title='bbox 211 3001 310 3053; x_wconf 57' lang='grc' dir='ltr'>σιιιοαῖιΙ</span> <span class='ocrx_word' id='word_1_204' title='bbox 345 3032 382 3037; x_wconf 93' lang='grc'>-</span> <span class='ocrx_word' id='word_1_205' title='bbox 420 2998 529 3052; x_wconf 79' lang='lat' dir='ltr'>scilicet</span> <span class='ocrx_word' id='word_1_206' title='bbox 557 3012 623 3053; x_wconf 88' lang='lat' dir='ltr'>ante</span> <span class='ocrx_word' id='word_1_207' title='bbox 652 2998 817 3073; x_wconf 84' lang='lat' dir='ltr'>parabasim</span> <span class='ocrx_word' id='word_1_208' title='bbox 846 3033 881 3038; x_wconf 91' lang='lat'>-—</span> <span class='ocrx_word' id='word_1_209' title='bbox 911 2998 967 3050; x_wconf 79' lang='grc' dir='ltr'><em>ιῖιιι</em></span> <span class='ocrx_word' id='word_1_210' title='bbox 995 3001 1093 3067; x_wconf 82' lang='grc' dir='ltr'><em>προιιὺν</em></span> <span class='ocrx_word' id='word_1_211' title='bbox 1120 3004 1165 3051; x_wconf 78' lang='grc' dir='ltr'><em>καὶ</em></span> <span class='ocrx_word' id='word_1_212' title='bbox 1193 2996 1314 3049; x_wconf 68' lang='grc' dir='ltr'><em>διασπῶν</em></span> <span class='ocrx_word' id='word_1_213' title='bbox 1342 2997 1391 3052; x_wconf 79' lang='grc' dir='ltr'>τὰς</span> 
     </span>
     <span class='ocr_line' id='line_1_26' title="bbox 212 3101 1387 3180; baseline 0.003 -25"><span class='ocrx_word' id='word_1_214' title='bbox 212 3107 346 3160; x_wconf 65' lang='grc' dir='ltr'><em>άιιοθέοιις</em></span> <span class='ocrx_word' id='word_1_215' title='bbox 366 3106 410 3157; x_wconf 75' lang='grc' dir='ltr'>οὐκ</span> <span class='ocrx_word' id='word_1_216' title='bbox 430 3105 582 3162; x_wconf 55' lang='lat' dir='ltr'>&amp;uolontas</span> <span class='ocrx_word' id='word_1_217' title='bbox 600 3106 697 3177; x_wconf 77' lang='grc' dir='ltr'><em>πληροῖ</em></span> <span class='ocrx_word' id='word_1_218' title='bbox 713 3109 746 3158; x_wconf 81' lang='grc' dir='ltr'>τὰ</span> <span class='ocrx_word' id='word_1_219' title='bbox 766 3106 888 3176; x_wconf 75' lang='grc' dir='ltr'><em>δράματα</em></span> <span class='ocrx_word' id='word_1_220' title='bbox 918 3140 955 3145; x_wconf 91' lang='lat'>-—</span> <span class='ocrx_word' id='word_1_221' title='bbox 982 3105 1091 3160; x_wconf 84' lang='lat' dir='ltr'>scilicet</span> <span class='ocrx_word' id='word_1_222' title='bbox 1114 3116 1181 3180; x_wconf 86' lang='lat' dir='ltr'>post</span> <span class='ocrx_word' id='word_1_223' title='bbox 1204 3101 1387 3179; x_wconf 85' lang='lat' dir='ltr'>parabaslm.</span> 
     </span>
     <span class='ocr_line' id='line_1_27' title="bbox 302 3210 1392 3288; baseline -0.002 -22"><span class='ocrx_word' id='word_1_224' title='bbox 302 3213 417 3266; x_wconf 90' lang='lat' dir='ltr'>lamiam</span> <span class='ocrx_word' id='word_1_225' title='bbox 454 3213 528 3265; x_wconf 92' lang='lat' dir='ltr'>illum</span> <span class='ocrx_word' id='word_1_226' title='bbox 565 3213 657 3267; x_wconf 92' lang='lat' dir='ltr'>locum</span> <span class='ocrx_word' id='word_1_227' title='bbox 693 3213 964 3288; x_wconf 85' lang='lat' dir='ltr'>lexicographorum</span> <span class='ocrx_word' id='word_1_228' title='bbox 997 3211 1232 3287; x_wconf 82' lang='lat' dir='ltr'>contemplemur.</span> <span class='ocrx_word' id='word_1_229' title='bbox 1281 3210 1392 3265; x_wconf 84' lang='lat' dir='ltr'>Exstat</span> 
     </span>
     <span class='ocr_line' id='line_1_28' title="bbox 211 3317 1392 3395; baseline -0.003 -23"><span class='ocrx_word' id='word_1_230' title='bbox 211 3321 288 3395; x_wconf 81' lang='lat' dir='ltr'>apul</span> <span class='ocrx_word' id='word_1_231' title='bbox 312 3321 443 3374; x_wconf 79' lang='lat' dir='ltr'>b&#39;uidam:</span> <span class='ocrx_word' id='word_1_232' title='bbox 479 3321 621 3372; x_wconf 73' lang='grc' dir='ltr'>ἐπεισόδιον</span> <span class='ocrx_word' id='word_1_233' title='bbox 644 3324 672 3372; x_wconf 82' lang='grc' dir='ltr'>τὸ</span> <span class='ocrx_word' id='word_1_234' title='bbox 697 3317 732 3375; x_wconf 78' lang='grc' dir='ltr'>εἰς</span> <span class='ocrx_word' id='word_1_235' title='bbox 755 3325 787 3373; x_wconf 87' lang='grc' dir='ltr'>τά</span> <span class='ocrx_word' id='word_1_236' title='bbox 811 3323 933 3391; x_wconf 74' lang='grc' dir='ltr'><em>δράματα</em></span> <span class='ocrx_word' id='word_1_237' title='bbox 957 3317 1124 3389; x_wconf 68' lang='grc' dir='ltr'>εἰσαγόμενον</span> <span class='ocrx_word' id='word_1_238' title='bbox 1142 3319 1209 3371; x_wconf 83' lang='grc' dir='ltr'><em>κατὰ</em></span> <span class='ocrx_word' id='word_1_239' title='bbox 1226 3321 1392 3389; x_wconf 77' lang='grc' dir='ltr'><strong><em>προσθήκην</em></strong></span> 
     </span>
     <span class='ocr_line' id='line_1_29' title="bbox 212 3426 1392 3502; baseline 0 -25"><span class='ocrx_word' id='word_1_240' title='bbox 212 3433 256 3478; x_wconf 85' lang='grc' dir='ltr'><em>καὶ</em></span> <span class='ocrx_word' id='word_1_241' title='bbox 275 3427 382 3493; x_wconf 59' lang='grc' dir='ltr'><em>αὔξησιν</em></span> <span class='ocrx_word' id='word_1_242' title='bbox 401 3431 445 3478; x_wconf 68' lang='lat' dir='ltr'>roi·</span> <span class='ocrx_word' id='word_1_243' title='bbox 465 3427 595 3497; x_wconf 77' lang='grc' dir='ltr'>δράματος</span> <span class='ocrx_word' id='word_1_244' title='bbox 626 3441 654 3481; x_wconf 90' lang='lat' dir='ltr'>et</span> <span class='ocrx_word' id='word_1_245' title='bbox 678 3428 774 3502; x_wconf 90' lang='lat' dir='ltr'>paullo</span> <span class='ocrx_word' id='word_1_246' title='bbox 800 3428 885 3482; x_wconf 81' lang='lat' dir='ltr'>infra:</span> <span class='ocrx_word' id='word_1_247' title='bbox 918 3426 1061 3480; x_wconf 71' lang='grc' dir='ltr'>ἐπεισόδιον</span> <span class='ocrx_word' id='word_1_248' title='bbox 1088 3428 1117 3479; x_wconf 82' lang='grc' dir='ltr'>τὸ</span> <span class='ocrx_word' id='word_1_249' title='bbox 1144 3427 1330 3496; x_wconf 71' lang='grc' dir='ltr'>εἰσφερόιιινον</span> <span class='ocrx_word' id='word_1_250' title='bbox 1353 3426 1392 3491; x_wconf 81' lang='grc' dir='ltr'>τῷ</span> 
     </span>
     <span class='ocr_line' id='line_1_30' title="bbox 212 3530 1392 3604; baseline 0 -20"><span class='ocrx_word' id='word_1_251' title='bbox 212 3533 326 3601; x_wconf 63' lang='grc' dir='ltr'><em>δράματι</em></span> <span class='ocrx_word' id='word_1_252' title='bbox 344 3533 452 3601; x_wconf 74' lang='grc' dir='ltr'>χέλιστος</span> <span class='ocrx_word' id='word_1_253' title='bbox 471 3537 544 3602; x_wconf 80' lang='grc' dir='ltr'><em>χάριν</em></span> <span class='ocrx_word' id='word_1_254' title='bbox 564 3535 612 3597; x_wconf 68' lang='grc' dir='ltr'>ἔξω</span> <span class='ocrx_word' id='word_1_255' title='bbox 632 3537 677 3600; x_wconf 81' lang='grc' dir='ltr'>τῆς</span> <span class='ocrx_word' id='word_1_256' title='bbox 695 3536 844 3590; x_wconf 64' lang='grc' dir='ltr'><strong><em>ὑποθέσεως</em></strong></span> <span class='ocrx_word' id='word_1_257' title='bbox 862 3535 903 3587; x_wconf 59' lang='grc' dir='ltr'>ὅτι·</span> <span class='ocrx_word' id='word_1_258' title='bbox 923 3536 1131 3604; x_wconf 76' lang='grc' dir='ltr'>καταχρηστικῶς</span> <span class='ocrx_word' id='word_1_259' title='bbox 1150 3532 1177 3585; x_wconf 79' lang='grc' dir='ltr'>δὲ</span> <span class='ocrx_word' id='word_1_260' title='bbox 1195 3533 1225 3584; x_wconf 83' lang='grc' dir='ltr'>τὸ</span> <span class='ocrx_word' id='word_1_261' title='bbox 1243 3530 1392 3600; x_wconf 79' lang='grc' dir='ltr'><em>ἐξαγώνιον</em></span> 
     </span>
     <span class='ocr_line' id='line_1_31' title="bbox 213 3637 1390 3715; baseline 0.002 -25"><span class='ocrx_word' id='word_1_262' title='bbox 213 3637 283 3691; x_wconf 61' lang='lat' dir='ltr'>linat»</span> <span class='ocrx_word' id='word_1_263' title='bbox 302 3643 418 3708; x_wconf 70' lang='grc' dir='ltr'><em>πρᾶγμα.</em></span> <span class='ocrx_word' id='word_1_264' title='bbox 463 3641 571 3695; x_wconf 85' lang='lat' dir='ltr'>Eadem</span> <span class='ocrx_word' id='word_1_265' title='bbox 610 3642 741 3715; x_wconf 87' lang='lat' dir='ltr'>leguntur</span> <span class='ocrx_word' id='word_1_266' title='bbox 777 3642 803 3694; x_wconf 92' lang='lat' dir='ltr'>in</span> <span class='ocrx_word' id='word_1_267' title='bbox 840 3641 964 3696; x_wconf 80' lang='lat' dir='ltr'>Bekkeri</span> <span class='ocrx_word' id='word_1_268' title='bbox 1000 3641 1144 3695; x_wconf 72' lang='lat' dir='ltr'>Anecdot.</span> <span class='ocrx_word' id='word_1_269' title='bbox 1175 3659 1202 3714; x_wconf 91' lang='lat' dir='ltr'>p.</span> <span class='ocrx_word' id='word_1_270' title='bbox 1228 3654 1302 3711; x_wconf 85' lang='lat'>253,</span> <span class='ocrx_word' id='word_1_271' title='bbox 1339 3656 1390 3713; x_wconf 87' lang='lat'>19.</span> 
     </span>
     <span class='ocr_line' id='line_1_32' title="bbox 213 3724 1435 3822; baseline -0.002 -24"><span class='ocrx_word' id='word_1_272' title='bbox 213 3745 360 3800; x_wconf 75' lang='lat' dir='ltr'>Simillima</span> <span class='ocrx_word' id='word_1_273' title='bbox 390 3747 414 3800; x_wconf 87' lang='lat' dir='ltr'>in</span> <span class='ocrx_word' id='word_1_274' title='bbox 445 3748 539 3820; x_wconf 81' lang='lat' dir='ltr'>Etym.</span> <span class='ocrx_word' id='word_1_275' title='bbox 571 3749 608 3802; x_wconf 87' lang='lat' dir='ltr'>M.</span> <span class='ocrx_word' id='word_1_276' title='bbox 639 3768 667 3822; x_wconf 91' lang='lat' dir='ltr'>p.</span> <span class='ocrx_word' id='word_1_277' title='bbox 688 3746 764 3820; x_wconf 84' lang='lat'><strong>356:</strong></span> <span class='ocrx_word' id='word_1_278' title='bbox 795 3748 938 3801; x_wconf 64' lang='lat' dir='ltr'>iracundior</span> <span class='ocrx_word' id='word_1_279' title='bbox 965 3751 1056 3818; x_wconf 80' lang='grc' dir='ltr'><em>κυρίως</em></span> <span class='ocrx_word' id='word_1_280' title='bbox 1083 3748 1132 3816; x_wconf 82' lang='grc' dir='ltr'>μὲν</span> <span class='ocrx_word' id='word_1_281' title='bbox 1158 3748 1188 3798; x_wconf 84' lang='grc' dir='ltr'>τὸ</span> <span class='ocrx_word' id='word_1_282' title='bbox 1211 3743 1239 3797; x_wconf 84' lang='grc' dir='ltr'>ἐν</span> <span class='ocrx_word' id='word_1_283' title='bbox 1261 3744 1393 3814; x_wconf 76' lang='grc' dir='ltr'>ιιῳμῳδίᾳ</span> <span class='ocrx_word' id='word_1_284' title='bbox 1432 3724 1435 3729; x_wconf 38' lang='grc'><strong>’</strong></span> 
     </span>
     <span class='ocr_line' id='line_1_33' title="bbox 213 3851 1393 3924; baseline 0.004 -21"><span class='ocrx_word' id='word_1_285' title='bbox 213 3854 398 3921; x_wconf 62' lang='grc' dir='ltr'><em>ἐπιφερόμενον</em></span> <span class='ocrx_word' id='word_1_286' title='bbox 420 3858 455 3920; x_wconf 80' lang='grc' dir='ltr'>τῷ</span> <span class='ocrx_word' id='word_1_287' title='bbox 480 3853 591 3923; x_wconf 74' lang='grc' dir='ltr'><em>δράματι</em></span> <span class='ocrx_word' id='word_1_288' title='bbox 615 3854 724 3923; x_wconf 79' lang='grc' dir='ltr'>γέλωτος</span> <span class='ocrx_word' id='word_1_289' title='bbox 743 3857 818 3924; x_wconf 86' lang='grc' dir='ltr'><em>χάριν</em></span> <span class='ocrx_word' id='word_1_290' title='bbox 837 3854 886 3918; x_wconf 71' lang='grc' dir='ltr'>ἔξω</span> <span class='ocrx_word' id='word_1_291' title='bbox 905 3857 949 3919; x_wconf 73' lang='grc' dir='ltr'>τῆς</span> <span class='ocrx_word' id='word_1_292' title='bbox 968 3857 1122 3910; x_wconf 74' lang='grc' dir='ltr'><strong><em>ὑποθέσεως.</em></strong></span> <span class='ocrx_word' id='word_1_293' title='bbox 1169 3851 1206 3908; x_wconf 82' lang='lat' dir='ltr'>G.</span> <span class='ocrx_word' id='word_1_294' title='bbox 1237 3852 1393 3908; x_wconf 82' lang='lat' dir='ltr'>Hermann</span> 
     </span>
     <span class='ocr_line' id='line_1_34' title="bbox 214 3958 1393 4041; baseline 0.003 -28"><span class='ocrx_word' id='word_1_295' title='bbox 214 3959 287 4033; x_wconf 69' lang='lat' dir='ltr'>(jen.</span> <span class='ocrx_word' id='word_1_296' title='bbox 314 3960 420 4032; x_wconf 82' lang='lat' dir='ltr'>Lttztg.</span> <span class='ocrx_word' id='word_1_297' title='bbox 445 3960 535 4028; x_wconf 78' lang='lat'>1842,</span> <span class='ocrx_word' id='word_1_298' title='bbox 561 3980 607 4014; x_wconf 91' lang='lat' dir='ltr'>no.</span> <span class='ocrx_word' id='word_1_299' title='bbox 632 3958 712 4041; x_wconf 80' lang='lat'>122),</span> <span class='ocrx_word' id='word_1_300' title='bbox 739 3982 801 4016; x_wconf 90' lang='lat' dir='ltr'>cum</span> <span class='ocrx_word' id='word_1_301' title='bbox 827 3961 933 4016; x_wconf 88' lang='lat' dir='ltr'>docere</span> <span class='ocrx_word' id='word_1_302' title='bbox 958 3961 1025 4016; x_wconf 91' lang='lat' dir='ltr'>velit</span> <span class='ocrx_word' id='word_1_303' title='bbox 1042 3961 1068 4015; x_wconf 90' lang='lat' dir='ltr'>in</span> <span class='ocrx_word' id='word_1_304' title='bbox 1086 3959 1236 4016; x_wconf 92' lang='lat' dir='ltr'>comoedia</span> <span class='ocrx_word' id='word_1_305' title='bbox 1253 3960 1393 4036; x_wconf 77' lang='lat' dir='ltr'>originali</span> 
     </span>
    </p>
   </div>
   <div class='ocr_carea' id='block_1_6' title="bbox 215 4065 1393 4142">
    <p class='ocr_par' dir='ltr' id='par_1_7' title="bbox 215 4065 1393 4142">
     <span class='ocr_line' id='line_1_35' title="bbox 215 4065 1393 4142; baseline 0.004 -22"><span class='ocrx_word' id='word_1_306' title='bbox 215 4065 351 4140; x_wconf 86' lang='lat' dir='ltr'>parabasi</span> <span class='ocrx_word' id='word_1_307' title='bbox 387 4080 415 4121; x_wconf 94' lang='lat' dir='ltr'>et</span> <span class='ocrx_word' id='word_1_308' title='bbox 450 4079 578 4120; x_wconf 93' lang='lat' dir='ltr'>actorum</span> <span class='ocrx_word' id='word_1_309' title='bbox 616 4067 681 4121; x_wconf 93' lang='lat' dir='ltr'>ludo</span> <span class='ocrx_word' id='word_1_310' title='bbox 713 4068 891 4122; x_wconf 89' lang='lat' dir='ltr'>interludium</span> <span class='ocrx_word' id='word_1_311' title='bbox 921 4067 1037 4142; x_wconf 77' lang='lat' dir='ltr'>aliquod</span> <span class='ocrx_word' id='word_1_312' title='bbox 1066 4066 1264 4142; x_wconf 89' lang='lat' dir='ltr'>interpositum</span> <span class='ocrx_word' id='word_1_313' title='bbox 1290 4065 1393 4140; x_wconf 84' lang='lat' dir='ltr'>fuisse,</span> 
     </span>
    </p>
   </div>
   <div class='ocr_carea' id='block_1_7' title="bbox 0 0 1477 4492">
    <p class='ocr_par' dir='ltr' id='par_1_8' title="bbox 0 0 1477 4492">
     <span class='ocr_line' id='line_1_36' title="bbox 0 0 1477 4492; baseline 0 0"><span class='ocrx_word' id='word_1_314' title='bbox 0 0 1477 4492; x_wconf 95' lang='lat' dir='ltr'> </span> 
     </span>
    </p>
   </div>
  </div>
 </body>
</html>
