2910 4492
613 398 828 453 „Q-

225 557 327 610 Fuitne
351 557 466 612 omnino
495 555 665 611 »comoedia
691 556 906 632 paramytbia«,
933 559 959 613 in
980 579 1035 632 qua
1053 557 1208 632 singularia
1225 578 1311 632 quae-

138 661 201 717 dam
226 676 255 717 et
278 683 295 717 a
320 662 471 718 comoedia
495 662 611 738 politica
636 678 665 718 et
690 662 887 738 mythologica
912 678 968 719 tam
993 665 1086 720 aliena
1107 664 1256 735 insuerunt,
1282 680 1311 737 ut

138 784 214 824 recte
250 788 314 824 earn
350 784 439 836 notet,
476 770 522 844 qui
558 769 596 824 ad
632 789 695 825 eam
733 768 824 825 verba
848 769 1038 826 Zielinskiana
1074 771 1193 827 adhibet
1232 774 1310 828 »rein

140 876 355 932 marchenbafte
381 876 567 951 Richtungui
614 877 677 951 Jam
713 876 779 932 vide
807 897 893 951 quam
922 878 1140 952 argumentandi
1171 880 1309 935 rationem

138 984 179 1037 vir
202 984 249 1039 iiie
275 983 377 1040 doctus
402 985 487 1038 ineat.
535 984 658 1039 Primum
683 983 798 1057 quidem
830 983 957 1060 probare
986 1000 1105 1040 conatur
1129 1007 1157 1061 p.
1177 1004 1195 1060 9
1213 1005 1256 1060 sq.
1282 999 1311 1042 et

139 1089 240 1145 Avium
263 1090 468 1166 Aristophanis
493 1089 617 1145 fabulam
642 1091 689 1146 niti
714 1089 885 1164 quibusdam
910 1092 1108 1166 pararnythiiS,
1134 1111 1209 1167 quae
1225 1093 1310 1149 etiam

137 1199 240 1253 nostris
276 1196 454 1274 temporibus
485 1199 511 1252 in
535 1196 662 1253 Graecia
687 1212 849 1266 narrantur,
885 1211 913 1253 et
942 1217 1006 1253 esse
1031 1198 1106 1254 iilam
1130 1200 1310 1255 comoediam

142 1305 220 1359 »eine
257 1304 402 1359 harmlose
427 1305 561 1359 Feerie«.
610 1304 691 1372 Quas
722 1304 794 1359 duas
824 1323 871 1360 res
902 1320 931 1360 ut
960 1305 1064 1380 probet
1100 1306 1252 1362 Zielinskio
1287 1308 1310 1362 si

136 1429 191 1466 non
216 1412 345 1485 contigit,
371 1431 428 1466 non
452 1425 505 1480 est,
531 1410 607 1485 quod
633 1412 748 1467 ommno
770 1413 842 1466 inter
859 1411 1025 1468 comoedias
1042 1412 1208 1488 deperditas
1225 1413 1311 1469 fuisse

137 1537 205 1592 pure
230 1518 429 1592 paramythias
453 1517 593 1592 quasdam
618 1517 702 1572 nobis
726 1520 911 1594 persuaserit.
946 1520 989 1574 Ac
1006 1520 1112 1595 optime
1129 1520 1310 1576 Zielinskium

138 1627 264 1681 meritum
289 1644 353 1680 esse
371 1626 445 1680 duco
463 1625 498 1680 de
517 1626 620 1679 Avium
638 1627 882 1700 interpretatione,
908 1627 986 1700 quod
1008 1641 1074 1701 post
1090 1627 1311 1683 innumerabiles

137 1733 194 1788 iere
220 1734 345 1788 virorum
370 1733 520 1788 doctorum
546 1732 771 1807 disceptationes
782 1731 811 1807 ¹),
837 1747 929 1788 utrum
948 1734 1049 1788 Avium
1075 1733 1171 1789 fabula
1195 1736 1230 1790 sit
1247 1753 1309 1789 cum

137 1841 209 1894 omni
246 1839 360 1894 licentia
390 1841 505 1915 poetica
538 1840 653 1894 inventa
678 1858 731 1895 nec
755 1858 800 1908 ne,
838 1839 1003 1915 philologos
1026 1841 1176 1896 attendere
1200 1843 1310 1897 animos

139 1946 215 2001 iussit
240 1947 277 2000 ad
303 1946 550 2021 paramytbiorum
575 1960 745 2020 argumenta
769 1965 806 2001 ex
828 1946 1009 2002 saeculorum
1026 1947 1148 2022 caligine
1164 1948 1202 2003 ad
1218 1948 1309 2004 lucem

138 2068 283 2109 revocata.
331 2054 477 2108 Persuasit
513 2052 627 2127 quidem
663 2053 730 2108 mihi
766 2067 882 2129 poetam
911 2055 1051 2110 comicum
1075 2056 1102 2109 in
1128 2074 1206 2110 usum
1229 2075 1309 2110 suum

136 2162 256 2216 vertisse
288 2159 387 2215 urbem
418 2160 517 2235 procul
544 2160 783 2234 investigandam,
821 2161 968 2216 consilium
998 2163 1024 2216 in
1048 2163 1142 2217 avium
1167 2176 1310 2218 conventu

135 2267 339 2341 quaerendum,
377 2269 520 2342 ingentem
558 2286 666 2322 murum
701 2266 740 2322 ab
776 2267 878 2323 avibus
913 2268 1131 2338 aedificandum,
1168 2270 1220 2324 sed
1243 2271 1310 2343 quin

137 2374 207 2429 ultra
231 2393 337 2448 sequar
361 2374 542 2429 Zielinskium
568 2373 779 2449 discrepantiis,
816 2393 889 2448 quas
912 2374 1030 2430 exhibet
1054 2376 1214 2445 comoedia,
1245 2396 1310 2452 pro·

137 2480 247 2537 hibeor.
307 2482 390 2549 Quae
426 2501 461 2536 ne
497 2483 588 2556 ipsum
623 2481 738 2555 quidem
774 2480 945 2556 effugerunt,
982 2484 1047 2556 quin
1077 2484 1161 2538 etiam
1191 2483 1310 2558 imputat

137 2603 239 2662 poetae
264 2591 376 2644 comico
404 2589 595 2644 »schreiende
611 2589 857 2663 inconsequenzu3
884 2591 979 2663 itaque
996 2591 1092 2659 miror,
1117 2589 1194 2664 quod
1211 2589 1311 2645 nihilo-

137 2697 224 2750 minus
248 2717 277 2771 p.
301 2694 336 2750 18
363 2697 470 2770 pergit:
516 2696 582 2750 »Bis
606 2695 723 2751 hierher
747 2694 844 2751 haben
868 2697 920 2751 wir
944 2696 990 2752 die
1007 2697 1148 2753 Komiidie
1172 2698 1221 2752 mit
1245 2697 1309 2753 dem

137 2802 275 2857 Marchen
300 2802 478 2876 verglichen.
525 2802 580 2857 Die
599 2801 896 2877 Uebereinstimmung
922 2804 971 2858 bat
994 2804 1056 2858 sich
1080 2804 1123 2858 als
1146 2804 1309 2860 bedeutend

134 2928 231 2982 genug
266 2909 417 2978 erwiesen,
454 2930 500 2963 um
536 2927 587 2963 uns
619 2908 671 2964 das
695 2909 790 2964 Recht
818 2930 853 2964 zu
876 2909 981 2985 geben,
1018 2930 1073 2966 nun
1098 2911 1143 2966 die
1167 2911 1309 2967 Komddie

136 3036 184 3071 aus
209 3016 275 3071 dem
292 3017 433 3070 Marchen
457 3036 491 3070 zu
508 3015 756 3071 rekonstruiren«.
790 3017 835 3072 Ac
860 3017 1082 3093 discrepantiam
1106 3018 1249 3091 quandam
1274 3037 1309 3072 ne

135 3123 332 3197 neglegamus
369 3142 444 3197 quae
474 3143 490 3177 a
519 3123 673 3179 Zielinskio
705 3143 761 3179 non
791 3140 1040 3194 commemoratur,
1077 3125 1127 3180 sed
1156 3144 1231 3200 quae
1255 3139 1308 3193 est,

135 3229 288 3285 dummodo
313 3232 475 3285 accuratius
500 3232 686 3299 examinetur,
724 3232 910 3304 gravissima:
948 3233 974 3286 in
1003 3232 1186 3307 paramythio
1214 3234 1310 3306 agitur

136 3336 170 3391 de
205 3356 250 3405 eo,
287 3338 333 3410 qui
370 3352 413 3392 est
448 3357 499 3392 rex
527 3338 622 3392 avium
648 3338 694 3393 vel
719 3357 898 3408 cancrorum,
936 3339 1104 3395 comoediae
1127 3353 1221 3394 autem
1246 3358 1309 3414 per-

138 3463 268 3518 magnam
305 3459 417 3519 partem
447 3445 544 3520 expiet
574 3446 620 3500 iila
645 3447 731 3514 actio,
769 3465 825 3520 qua
849 3446 1063 3501 Peisthetaerus
1087 3460 1116 3500 ut
1139 3465 1191 3501 rex
1214 3447 1308 3501 avium

135 3548 182 3605 fiat
207 3553 281 3606 omni
308 3551 439 3606 adhibita
464 3537 648 3608 contentione
672 3554 794 3613 enititur.
842 3553 914 3620 Quis
938 3573 975 3608 ex
998 3553 1066 3608 solis
1090 3552 1257 3627 fragmentis
1282 3554 1308 3607 id

137 3658 256 3712 voluerit
291 3660 408 3714 eruere?
457 3659 559 3716 Altero
595 3679 666 3715 vero
703 3660 767 3715 ioco
802 3678 984 3733 quaeramus
1021 3679 1085 3714 num
1114 3679 1146 3715 re
1175 3679 1245 3715 vera
1274 3679 1309 3715 ea

136 3766 286 3820 comoedia
322 3765 397 3820 adeo
427 3767 642 3841 impugnatione
672 3768 774 3821 civium
802 3779 831 3820 et
859 3767 901 3822 rei
924 3765 1058 3842 publicae
1081 3767 1117 3822 sit
1141 3785 1243 3836 vacua,
1280 3782 1309 3822 ut

135 3885 201 3945 apte
238 3891 301 3926 eam
331 3893 347 3925 a
378 3872 528 3927 comoedia
558 3873 675 3948 politica
707 3871 830 3926 funditus
861 3872 977 3928 differre
1005 3887 1033 3928 et
1057 3892 1121 3929 esse
1145 3875 1208 3947 quis
1232 3874 1309 3928 dicat

208 4097 226 4162 ¹)
246 4102 277 4149 cf.
300 4102 434 4162 ssehaghei‚
460 4102 612 4150 Gescbichte
638 4103 682 4150 der
700 4102 861 4164 Auffassung
885 4104 929 4150 der
948 4103 1029 4164 Vogel
1049 4105 1095 4151 des
1114 4103 1317 4164 Aristophanea

1099 4191 1147 4238 12*
