2910 4492
568 393 776 447 .-27-

73 554 212 626 (Wiener
227 554 400 610 Neudrucke
419 556 450 609 Β.
471 566 520 627 1o)
537 553 706 609 comoediae
723 554 896 609 rarissimum
914 555 1084 630 exemplum,
1103 555 1181 629 quod
1193 556 1257 631 ipse

75 676 165 718 vocat
186 661 266 717 »eine
283 661 369 717 echte
388 660 657 727 Hanswurstiadeu,
677 662 703 715 in
723 661 788 716 vico
802 661 944 717 Bavarico
960 680 992 717 se
1008 662 1114 717 vidisse
1132 661 1208 730 dicit,
1226 675 1256 718 et

74 768 198 824 alterum
215 768 449 842 antiquissimum,
476 786 560 823 manu
577 767 713 843 seriptum
730 766 853 822 allirmat
870 786 901 823 se
918 769 1077 844 possidere.
1110 767 1181 825 Cum
1198 770 1253 824 iam

75 874 216 943 dolerem,
233 873 312 950 quod
329 894 364 930 ea
383 894 439 930 nou
452 876 615 930 accuratius
628 874 788 950 descripsit,
808 875 869 950 ipse
882 894 996 949 (incarne
1010 875 1036 930 in
1050 876 1115 931 vico
1129 875 1255 931 Braudo·

74 981 215 1056 burgensi
232 981 290 1037 vidi
306 1001 448 1058 paparum
464 995 608 1058 apparatu
625 994 774 1056 peractam
788 981 967 1036 comoediam
981 983 1150 1058 popularem
1168 1002 1252 1057 quae,

75 1107 142 1144 cum
156 1087 192 1144 de
205 1088 259 1143 illis
271 1089 366 1144 scenis
375 1088 597 1164 Aristophaneis
610 1089 637 1142 in
651 1101 759 1143 rectam
773 1102 885 1164 partem
899 1088 1076 1164 accipiendis
1084 1090 1253 1164 cogitarem,

76 1213 203 1270 magnae
220 1195 288 1251 mihi
306 1195 446 1272 voluptati
465 1210 528 1251 erat
545 1215 638 1270 neque
656 1195 767 1271 planius
785 1195 862 1269 (incid
880 1215 943 1250 eam
963 1195 1107 1265 describo,
1132 1197 1256 1271 ‹inaesti-

74 1320 161 1358 onem
178 1301 217 1357 ad
232 1303 356 1379 ineptias
372 1303 526 1358 deflectere
544 1303 611 1357 mihi
625 1302 734 1357 videor.
768 1302 909 1378 Casperle
925 1321 1009 1377 quem
1024 1316 1130 1359 vocant
1142 1304 1253 1373 sanni0,

75 1427 143 1465 cum
167 1409 291 1486 prologo
315 1409 529 1486 spectatoribus
553 1409 743 1485 exposuisset,
769 1410 832 1482 quis
856 1422 943 1479 esset,
968 1430 1024 1485 qua
1043 1411 1069 1465 in
1086 1410 1255 1466 condicione

75 1517 200 1585 viveret,
217 1536 276 1592 quo
293 1517 358 1571 loco
375 1536 422 1572 res
439 1531 585 1591 ageretur,
604 1529 661 1570 tum
678 1516 779 1592 procul
797 1517 920 1590 negotiis
937 1536 1044 1593 capere
1060 1519 1184 1592 quietem
1200 1515 1256 1573 sibi

75 1642 144 1680 esse
165 1623 192 1679 in
215 1624 311 1679 animo
336 1624 415 1678 dixit.
449 1623 535 1692 Quod
560 1642 624 1678 cum
650 1623 764 1678 vixdum
789 1622 886 1679 lacere
910 1638 1037 1700 pararet,
1064 1624 1255 1680 molestissimi

75 1731 211 1787 advenae
236 1744 448 1807 apparuerunt:
475 1744 595 1786 exactor
612 1730 805 1803 tectigalium,
832 1731 943 1785 institor
956 1731 1078 1804 judaeus
1095 1731 1254 1807 polonicuS,

75 1837 125 1893 alii
150 1837 211 1914 typi
234 1838 401 1914 populares,
426 1857 509 1912 quos,
536 1856 599 1892 cum
624 1837 752 1912 singulos
777 1837 813 1892 ad
839 1838 879 1892 rei
896 1836 1030 1913 publicae
1046 1851 1151 1894 statum
1168 1852 1255 1913 atque

75 1943 353 2000 administrationem
382 1945 522 2014 alludens,
552 1944 755 2018 aliquantulum
785 1945 923 2020 temporis
949 1944 1071 2000 ludibrio
1097 1944 1255 2015 habuisset,

76 2064 228 2127 postremo
263 2050 434 2107 verberibus
470 2051 659 2127 spectantium
696 2070 758 2105 eum
783 2051 841 2105 risu
865 2052 981 2127 expulit.
1031 2053 1168 2107 Actorem
1193 2071 1256 2106 eum

77 2158 173 2214 locum
208 2158 330 2215 actionis
366 2159 596 2234 pronuntiantem
633 2158 771 2225 audirem,
808 2157 1026 2234 Dicaeopolidis
1056 2159 1146 2214 lorum
1175 2178 1255 2214 suum

76 2265 212 2320 metantis
235 2264 377 2327 (Achata.
405 2285 431 2319 v.
461 2285 521 2337 7¹0
539 2276 606 2339 sip),
636 2264 816 2338 eundemque
845 2284 907 2319 cum
932 2266 1004 2320 alias
1029 2266 1091 2320 illas
1115 2285 1256 2341 personas

78 2371 244 2427 irridentem
261 2386 348 2447 atque
365 2373 555 2449 expellentem
574 2372 711 2437 riderem,
731 2371 969 2441 Acharuensium,
988 2373 1081 2439 l’aciS,
1100 2374 1256 2448 praecipue

79 2478 184 2534 Avium
214 2479 281 2535 mihi
311 2481 513 2555 particularum
544 2480 653 2534 illarum
684 2480 709 2532 in
740 2492 860 2534 mentem
887 2480 972 2543 veuit,
1003 2481 1030 2534 in
1058 2479 1161 2554 quihus
1185 2481 1256 2535 mira

77 2585 260 2641 similitudine
286 2586 498 2663 Aristophanes
523 2587 752 2662 protagonistam
770 2586 956 2641 ioculatorem
974 2587 1110 2642 molestos
1127 2587 1257 2642 advenas

78 2693 239 2749 eiicientem
268 2693 346 2759 lacit,
375 2694 453 2768 quod
481 2695 528 2768 qui
558 2707 675 2748 nostrae
700 2693 813 2768 linguae
838 2692 929 2748 verbo
954 2694 1098 2749 notaverit
1124 2695 1256 2748 «hinaus-

79 2799 260 2876 pritsehen«,
287 2820 346 2856 rem
371 2814 477 2857 teneat.

171 2907 255 2975 Quae
279 2926 342 2962 cum
366 2909 403 2962 sit
426 2907 517 2962 forma
544 2909 680 2963 naturalis
705 2909 874 2964 comoediae
903 2908 979 2983 apud
1005 2908 1085 2976 aliaS,
1118 2922 1146 2962 ut
1171 2908 1256 2963 modo

79 3013 211 3083 vidimuS,
248 3029 359 3089 genteS,
397 3016 429 3077 is.
466 3016 513 3088 qui
543 3015 605 3070 illas
630 3031 728 3091 partes
755 3015 994 3084 Acharnensium,
1021 3015 1114 3083 Pacis,
1141 3015 1254 3085 Avium,

77 3120 154 3176 Pluti
176 3119 216 3176 ab
237 3120 353 3177 Atticae
377 3121 546 3176 comoediae
570 3123 766 3196 antiquissimu
791 3121 948 3197 exemplari
973 3122 1168 3198 repentendas
1191 3141 1256 3178 esse

77 3239 195 3295 statuet,
232 3227 309 3283 haud
345 3229 383 3283 ita
412 3229 526 3283 multum
555 3250 571 3284 a
601 3248 672 3285 vero
696 3229 886 3284 aberraverit.
936 3230 1035 3296 Quare
1060 3230 1133 3284 inter
1157 3249 1257 3285 omnes

79 3353 153 3409 quas
186 3333 299 3410 perlegi
333 3335 458 3390 virorum
500 3335 650 3391 doctorum
690 3339 846 3391 sententias
881 3337 1069 3392 Brentanonis
1105 3336 1152 3391 illa
1189 3337 1255 3391 mihi

79 3442 189 3517 optima
212 3440 334 3511 videtur,
364 3444 411 3518 qui
437 3443 540 3497 Arium
565 3462 612 3497 vr.
640 3461 834 3517 pot-1057
866 3463 930 3499 esse
960 3444 1037 3498 dicat
1069 3445 1151 3499 »eine
1180 3444 1258 3499 nicht

80 3548 319 3605 unverachtliche
343 3551 473 3624 Reliquis,
499 3550 551 3605 der
575 3551 757 3606 altattischen
782 3551 919 3604 Komiku.

169 3657 286 3712 Minime
323 3676 392 3712 vero
429 3657 531 3730 ignoro
566 3676 639 3725 eum,
677 3659 724 3732 qui
760 3659 786 3711 in
815 3658 1006 3732 vituperando
1031 3658 1257 3733 Aristophanem

80 3782 272 3840 perseverare
297 3764 374 3833 velit,
400 3763 464 3818 illue
489 3763 645 3838 confugere
670 3785 756 3840 posse
785 3780 813 3818 ut
838 3779 937 3819 contra
963 3765 1041 3820 dicat
1061 3765 1144 3820 facile
1161 3763 1256 3818 delabi

82 3871 109 3925 in
136 3870 164 3926 id
193 3871 291 3927 vitium
320 3886 432 3947 poetaS,
469 3873 515 3944 qui
541 3885 622 3926 extra
647 3874 716 3926 artis
740 3873 873 3947 poeticae
897 3872 1026 3945 regulam
1051 3871 1167 3945 aliquod
1191 3890 1256 3925 con-

80 3977 171 4033 silium
194 3979 223 4033 in
251 3977 452 4053 componenda
477 3977 573 4032 fabula
598 3993 762 4052 sequuntur.
795 3977 881 4032 Cuius
906 3979 945 4032 rei
971 3979 1108 4051 adiungat
1124 3976 1256 4050 exempla

80 4085 223 4161 quispiam
258 4083 321 4139 illas
349 4084 524 4153 comoedias,
561 4104 633 4158 «pras
660 4085 843 4157 Francogalli
875 4086 990 4159 »pisces
1014 4086 1031 4138 a
1056 4083 1166 4150 tiroira,
1203 4101 1259 4138 nos
