2910 4492
202 1071 261 1192 Ex
285 1136 403 1212 picturis
427 1132 562 1192 vasorum
586 1134 721 1204 fictilium,
752 1155 816 1190 cum
840 1137 895 1192 iam
919 1136 1031 1211 singula
1055 1155 1153 1193 eorum
1177 1156 1285 1212 genera

25 1254 27 1259 ’
112 1243 148 1298 ad
172 1242 247 1299 satis'
267 1256 363 1299 certas
386 1255 498 1298 aetates
522 1241 561 1297 ab
585 1241 791 1316 archaeologis
814 1243 906 1298 relata
929 1245 994 1314 sint,
1019 1257 1155 1316 quantum
1179 1243 1286 1300 fructus

111 1351 177 1426 capi
205 1351 297 1426 possit
325 1349 363 1405 ad
394 1348 577 1404 illustrandas
601 1367 648 1404 res
672 1349 804 1405 scenicas
827 1351 1038 1425 antiquissimas
1063 1351 1095 1405 F.
1120 1349 1287 1406 Duemmler

111 1456 236 1512 ostendit
270 1457 356 1528 (Mus.
386 1456 442 1512 Rh.
472 1456 567 1511 XLIII
601 1477 630 1532 p.
662 1472 734 1529 355.
759 1474 803 1531 sq.
844 1454 1024 1513 »Skenische
1048 1455 1284 1532 Vasenbilderl).¹
1343 1451 1346 1455 ’

111 1563 205 1632 Quam
235 1565 293 1619 iniit
321 1564 365 1618 vir
392 1563 439 1618 ille
470 1563 572 1618 doctus
595 1564 745 1633 rationem,
775 1581 838 1618 eam
866 1579 896 1619 ut
919 1583 1079 1640 persequar
1103 1564 1158 1620 hac
1182 1564 1286 1621 disser-

111 1671 226 1740 tatione,
264 1671 303 1726 ita
338 1670 406 1726 mihi
434 1671 583 1746 proposui,
620 1683 649 1725 ut
677 1669 813 1740 tenebris,
850 1670 953 1746 quibus
977 1671 1145 1727 comoediae
1170 1671 1285 1728 Atticae

93 1776 266 1852 'primordia
301 1791 442 1847 tenentur,
480 1777 571 1832 lucem
607 1777 731 1852 aliquam
766 1775 873 1834 afferre
908 1779 1007 1834 conari
1034 1777 1119 1833 velim
1147 1797 1184 1833 ex
1207 1781 1285 1835 vasis

110 1882 279 1958 quibusdam
304 1885 516 1960 antiquissimu,
546 1885 636 1958 nigris
659 1883 758 1959 figuris
782 1885 900 1954 ornatis,
933 1903 1008 1958 quae
1032 1885 1122 1941 minus
1146 1903 1284 1962 expresse

110 2010 193 2064 quam
219 1992 346 2067 oportuit
370 1991 407 2046 ad
432 1991 602 2047 comoediae
626 1993 719 2067 prima
743 1993 918 2048 incrementa
939 1991 1165 2067 pervestiganda
1182 2012 1199 2048 a
1215 1993 1284 2048 viris

110 2096 202 2152 doctis
237 2096 368 2153 adhibita
403 2111 476 2153 sunt.
530 2098 632 2154 Altero
662 2099 727 2155 loco
756 2098 824 2154 mihi
852 2113 896 2154 est
919 2100 1097 2174 propositum
1122 2100 1149 2153 in
1174 2099 1283 2155 Aristo·

109 2203 212 2279 phanis
247 2223 322 2279 quae
351 2218 465 2260 exstant
493 2203 596 2260 fabulis
619 2204 835 2279 significantius,
871 2225 957 2280 quam
981 2205 1076 2260 adhuc
1100 2205 1205 2261 factum
1228 2221 1281 2274 est,

108 2325 209 2367 notare
245 2325 340 2367 certas
375 2311 515 2386 quasdam
551 2324 659 2387 partes
696 2331 771 2386 quae
805 2312 872 2367 mihi
908 2312 945 2367 ad
975 2311 1143 2368 comoediae
1168 2312 1283 2368 Atticae

106 2418 255 2494 exemplar
289 2418 514 2492 antiquissimum
549 2433 629 2474 recte
664 2417 847 2474 reficiendum
876 2420 1026 2494 permagni
1055 2421 1190 2474 momenti
1217 2437 1282 2475 esse

109 2524 248 2580 videntur.

631 2916 717 2978 CAP.
742 2918 763 2972 l.

683 3079 708 3114 1.

155 3189 157 3193 ’
194 3184 274 3240 Cecil
297 3183 400 3254 Smith‚
426 3203 489 3239 cum
513 3185 655 3260 picturam
680 3185 788 3240 vasculi
814 3185 840 3240 in
865 3203 963 3240 museo
984 3185 1148 3240 Britannico
1172 3186 1279 3240 servati

103 3310 140 3346 ex
175 3291 320 3348 oblivione
355 3292 516 3348 vindicaret
550 3289 680 3368 (Journal
709 3291 742 3346 of
766 3291 841 3348 Hell.
871 3289 987 3346 Studies
1010 3290 1075 3347 Vol.
1098 3292 1131 3346 Il.
1156 3311 1185 3367 p.
1206 3309 1278 3368 309.

104 3398 175 3453 Plat.
201 3398 282 3471 XIV)
306 3376 347 3454 dc¹
366 3398 574 3473 archaeologia
598 3399 714 3454 scenica
738 3399 846 3474 optime
870 3399 980 3454 meruit.
1021 3397 1136 3454 Adiecit
1158 3398 1278 3454 alteram

103 3506 271 3561 simillimam
296 3505 440 3580 quandam
464 3506 615 3581 picturam.
645 3523 731 3579 quarn
760 3524 797 3561 ex
820 3504 967 3561 Gerhardi
991 3504 1168 3570 collectione,
1204 3523 1279 3578 quae

104 3612 266 3668 inscribitur
290 3612 555 3682 »Trinkschalenu,
581 3612 635 3684 (Pl.
653 3613 749 3667 XXX.
774 3611 823 3688 sig.
846 3613 950 3686 1—3),
982 3612 1082 3667 iterum
1103 3611 1277 3688 pingendam

102 3720 214 3774 curavit
237 3720 267 3793 (l.
286 3739 312 3776 c.
337 3719 386 3795 fig.
404 3719 441 3775 A.
461 3739 485 3789 1,
511 3732 540 3776 et
565 3719 601 3775 A.
618 3721 659 3794 2),
696 3739 753 3794 qua
787 3719 900 3796 pictura
930 3731 1049 3774 ornatur
1075 3718 1222 3774 vasculum
1250 3718 1277 3773 in

103 3845 200 3882 museo
225 3828 403 3884 Berolinensi
437 3840 583 3883 servatum
614 3826 668 3883 sub
691 3845 739 3884 no.
770 3825 805 3883 18
811 3845 861 3901 30·
908 3826 1077 3900 Priusquam
1112 3825 1206 3882 denuo
1241 3826 1278 3883 de

103 3936 291 3990 monumentis
315 3935 368 3991 illis
392 3954 540 4009 quaeram,
567 3953 642 4008 quae
666 3936 693 3990 in
717 3935 751 3991 iis
774 3935 852 4011 picta
868 3934 992 4004 videam,
1017 3933 1086 3989 mihi
1101 3932 1156 3988 erit
1172 3931 1278 3988 descri-

102 4036 235 4096 bendum.

510 4321 832 4473 ¹2221&qu
