2910 4492
565 416 778 471 ,3,-

69 579 196 655 cupiunt
231 576 365 633 labellum
402 577 472 632 satis
506 590 665 641 actuosam,
702 594 775 650 quim
811 576 930 631 irridere
960 576 1086 631 delectat
1114 594 1256 650 personas

73 682 239 742 immaniter
262 684 477 759 gesticulantes,
507 685 640 759 corporis
665 683 748 749 vitiis,
779 683 893 758 linguae
923 683 1047 739 dialecto
1072 683 1254 758 conspicuas

170 790 217 848 Ad
241 791 333 847 locum
360 790 505 864 Anonymi
528 804 724 846 revertamur:
746 791 940 859 ‘lhrry'srdptvos
959 790 986 843 δὲ
1005 792 1019 843 ὁ
1039 794 1168 860 Κρατῖνος
1179 831 1255 842 .....

72 900 114 967 τῷ
133 901 247 970 χαρίεντι
264 901 310 955 ris
328 897 466 966 κωμῳδίας
483 901 513 951 τὸ
531 897 663 966 ὠφέλιμον
681 900 852 967 προσέθηκεν.
885 897 998 965 Quibus
1022 897 1120 953 verbis
1144 898 1257 953 minime

72 1025 114 1062 ea
138 1018 184 1061 est
206 1006 347 1062 sententia
372 1004 560 1073 subiicienda,
585 1005 667 1078 quasi
684 1005 792 1080 primus
808 1004 942 1059 Cratinus
959 1003 1111 1059 vellicandi
1127 1004 1258 1061 homines

75 1113 211 1189 privatos
234 1125 263 1168 et
287 1113 472 1187 magistratus
497 1111 573 1166 illum
597 1129 676 1166 usum
702 1111 728 1165 in
753 1110 932 1166 comoediam
958 1110 1108 1167 induxerit.
1154 1111 1258 1167 Annon

76 1231 161 1276 recte
184 1219 372 1274 iudicavimus
396 1238 459 1274 eum
485 1236 594 1273 morem
619 1219 645 1272 in
670 1217 844 1272 carminibus
867 1218 1005 1294 scopticis
1021 1236 1168 1273 comorum
1185 1238 1258 1293 quos

75 1344 168 1404 supra
204 1326 298 1402 pictos
334 1325 518 1400 contemplati
547 1343 643 1379 sumus
672 1324 833 1379 iamdudum
864 1325 1041 1380 constitisse?
1090 1325 1259 1398 Anonymus

77 1433 126 1489 vel
156 1447 266 1501 auctor,
296 1452 333 1488 ex
357 1433 436 1487 cuius
461 1431 540 1486 libris
565 1431 611 1487 illa
637 1432 738 1486 hausta
763 1446 837 1499 sunt,
875 1431 943 1487 dicit
966 1431 1112 1487 Cratinum
1137 1433 1257 1508 primum

76 1540 157 1597 illam
180 1557 298 1596 scenam
322 1539 503 1594 ridicularem
529 1541 566 1593 ita
592 1538 768 1601 adhibuisse,
794 1552 823 1592 ut
844 1558 889 1607 ea,
914 1539 981 1613 quid
999 1539 1118 1594 duceret
1134 1540 1200 1595 utile
1217 1542 1257 1595 rei

76 1646 225 1726 publicae,
251 1646 414 1702 illustraret.
462 1647 562 1720 Neque
586 1646 643 1701 alio
667 1659 803 1721 spectans
828 1646 1051 1721 Aristophanes,
1076 1647 1149 1701 sicut
1172 1646 1259 1702 modo

76 1754 308 1832 explanavimus,
335 1754 388 1808 illis
412 1755 544 1829 personis
568 1755 663 1822 utitur,
689 1755 726 1808 ita
752 1767 781 1808 ut
806 1754 831 1808 iu
856 1755 1001 1827 utriusque
1025 1766 1131 1828 poetae
1156 1752 1259 1808 fabulis

77 1861 238 1917 simillimas
262 1873 362 1935 partes
387 1860 502 1915 infuisse
526 1860 681 1915 admodum
706 1859 859 1936 probabile
883 1861 928 1914 sit.

171 1966 236 2023 Hoc
272 1968 337 2022 loco
368 1966 496 2022 breviter
526 1986 642 2022 monere
672 1968 749 2022 iuvat
774 1967 876 2022 Avium
902 1985 949 2021 vv.
976 1983 1171 2041 904-1057
1203 1986 1259 2022 non

78 2075 182 2131 tantuli
195 2093 260 2130 esse
277 2075 422 2143 momenti,
441 2075 567 2148 quantuli
581 2075 649 2129 dicit
659 2074 791 2129 Zielinski
805 2074 1096 2145 (Marchenkomiidie
1109 2096 1137 2150 p.
1157 2095 1165 2128 1
1180 2094 1188 2128 1
1202 2076 1258 2148 sq),

74 2183 132 2238 sed
158 2199 193 2236 ea
218 2193 311 2258 parte,
337 2181 404 2255 quid
430 2200 466 2236 ex
490 2181 623 2236 universa
649 2182 799 2236 comoedia
825 2181 861 2236 de
885 2200 916 2236 re
941 2180 1055 2257 publica
1080 2180 1258 2237 efficiendum

76 2291 126 2359 sit,
153 2288 262 2358 doceri,
288 2306 322 2343 ea
349 2289 434 2363 igitur
458 2303 540 2364 parte
566 2302 653 2343 totam
679 2288 858 2344 comoediam
884 2290 976 2343 notari
1001 2288 1156 2363 politicam.

174 2395 309 2451 Attamen
346 2396 435 2471 ipsius
470 2397 558 2449 nostri
597 2395 652 2450 loci
680 2397 784 2450 exitum
814 2395 985 2471 obstrepere
1009 2395 1051 2450 eis
1074 2414 1149 2469 quae
1173 2414 1190 2450 a
1216 2415 1259 2450 me

74 2502 216 2579 exposita
232 2516 305 2571 sunt,
332 2520 387 2557 non
404 2503 465 2558 sine
482 2503 543 2556 veri
560 2504 657 2577 specie
674 2503 815 2578 quispiam
832 2503 922 2558 dicat:
949 2505 979 2555 ‘0
997 2505 1086 2570 μέντοι
1103 2523 1131 2572 γε
1149 2503 1260 2573 Ἀριστψ

79 2614 168 2680 φάνης
191 2608 354 2678 μεθοόείυας
376 2612 557 2678 τεχνικώτερον
580 2613 625 2675 τῆς
650 2611 713 2678 μεθ’
737 2611 827 2662 ἑαυτοῦ
846 2611 892 2676 τὴν
911 2608 1050 2678 κωμῳδίαν
1069 2609 1216 2680 ἐνέλαμψεν
1234 2611 1261 2662 ἐν

79 2713 183 2771 ἅπασιν
201 2716 296 2785 ὀφθεὶς
314 2713 386 2778 oi'um,
411 2724 455 2769 καὶ
474 2711 539 2768 otho
558 2719 647 2769 πᾶσαν
665 2716 804 2785 κωμῳδίαν
824 2717 968 2785 ἐμελέτησε·
994 2723 1038 2769 καὶ
1056 2719 1106 2788 γὰρ
1124 2719 1154 2770 τὸ
1170 2720 1261 2771 τοτ”του

76 2823 173 2894 -δρᾶμα
191 2823 337 2879 ὁΠλοῦτος
355 2823 409 2876 κτλ.
447 2823 530 2890 Quae
555 2823 646 2878 rerba
671 2823 755 2878 sacile
778 2824 841 2898 quis
865 2823 969 2878 adduci
994 2836 1099 2899 potest,
1124 2836 1154 2878 ut
1178 2824 1261 2879 inter-

80 2943 213 3009 pretetur
237 2931 285 2995 ita,
323 2931 405 3004 (quasi
430 2930 477 2984 illa
501 2931 596 2993 ἀταξία
626 2930 736 2986 Cratini
765 2931 803 2985 ab
829 2931 1025 3006 Aristophane
1053 2943 1190 3006 superata
1215 2932 1260 2986 sit.

80 3041 184 3112 Neque
221 3037 333 3092 dubitat
368 3038 514 3092 Brentano
550 3037 776 3112 (Aristophanes
804 3037 860 3091 und
890 3037 1065 3092 Aristoteles
1093 3034 1124 3091 S.
1150 3032 1202 3116 51)
1226 3057 1261 3093 ea

82 3145 176 3202 verba
212 3145 338 3220 opinioni
373 3164 453 3213 suae,
491 3144 518 3198 in
543 3144 747 3220 Aristophanis
777 3163 852 3218 quae
883 3157 997 3199 exstant
1020 3143 1124 3199 fabulis
1148 3146 1260 3200 nimiam

80 3253 228 3309 licentiam
253 3271 310 3306 non
335 3251 513 3306 tolerandam
539 3269 613 3320 esse,
639 3250 817 3307 firmamento
842 3265 966 3306 vertere.
1006 3249 1261 3327 Supervacaneum

82 3361 144 3416 lere
169 3371 214 3414 est
237 3358 366 3414 obiicere
390 3358 465 3412 illum
483 3357 688 3432 Aristophanis
713 3359 799 3412 vitam
821 3372 850 3413 et
865 3372 955 3413 artem
973 3377 1075 3433 parum
1092 3359 1260 3433 intelligere,

81 3467 131 3542 qui
156 3467 289 3541 opinetur
318 3485 381 3521 eum
413 3465 512 3541 primis
540 3466 635 3519 statim
661 3465 818 3520 comoediis
843 3465 990 3541 proprium
1015 3484 1094 3520 suum
1119 3466 1261 3540 ingenium

81 3573 235 3650 aperuisse
259 3573 503 3648 conspicuumque
532 3570 644 3626 secisse.
694 3573 723 3626 ln
749 3571 987 3627 Acharnensibus
1015 3572 1053 3626 ad
1078 3573 1261 3627 imitationem

80 3681 196 3739 Cratini
230 3698 262 3735 se
291 3680 453 3755 composuit
478 3679 705 3754 Aristophanes3
743 3678 840 3734 verbis
865 3698 935 3734 vero
961 3679 1123 3749 pedodsiuac
1145 3683 1263 3746 τεχνικώ-

80 3808 159 3858 τερον
182 3788 228 3852 τῆς
250 3787 314 3855 μεθ’
338 3788 429 3839 ἑαυτοῦ
451 3788 499 3853 τὴν
523 3786 662 3854 κωμῳδίαν
685 3786 818 3841 alluditur
846 3787 883 3842 ad
912 3806 963 3842 eas
987 3786 1161 3852 comoedias
1190 3805 1263 3860 quas

81 3893 184 3952 tabula
220 3893 375 3949 artificiose
410 3894 571 3970 composita
607 3906 694 3969 poeta
723 3894 845 3963 ornavit,
883 3895 922 3949 ita
950 3907 979 3949 ut
1008 3893 1124 3968 politica
1148 3893 1263 3967 quidem

81 3999 237 4058 comoedia
266 4002 314 4055 vix
344 3999 476 4070 haberet,
512 4021 570 4074 quo
599 4001 672 4056 ultra
702 4000 885 4076 procederet.
938 4003 1014 4056 Inter
1041 4019 1114 4074 quas
1142 4001 1262 4075 primum

80 4111 181 4165 locum
217 4120 315 4163 tenent
343 4108 472 4182 Equites.
526 4105 680 4182 Singulare
716 4106 782 4161 illud
818 4108 845 4161 in
873 4127 909 4162 ea
937 4106 1088 4162 comoedia
1118 4108 1265 4163 innovavit
