2910 4492
625 384 821 438 -(,-.

224 563 375 638 Amphora
399 563 487 617 musei
512 562 704 617 Berolinensis
728 581 775 617 no.
801 561 835 617 18
842 580 881 636 30
907 561 1266 638 (Furtwaengler)0,218
1287 581 1316 616 m

132 670 215 739 altit,
242 667 315 740 0,46
333 689 361 724 m
385 669 464 738 circ,
490 687 575 741 quam
599 668 652 724 sub
676 668 724 743 fig.
746 669 782 724 Α.
807 689 831 739 1,
858 682 886 724 et
911 669 947 724 A.
968 687 995 740 2,
1027 669 1107 726 Cecil
1130 667 1224 725 Smith
1250 669 1267 723 l.
1286 687 1315 724 c.

133 777 238 852 posuit,
264 777 291 831 in
315 776 406 831 altero
430 775 521 831 latere
545 774 635 831 habet
659 776 801 851 picturam
826 789 885 832 tres
908 775 1017 851 figuras
1042 776 1236 832 exhibentem.
1282 776 1316 830 ln

135 884 237 939 <lextra
265 896 348 958 parte
371 882 478 939 tibicen
501 883 635 958 palliatus
659 882 736 938 tibiis
762 902 870 938 canens
898 883 1004 939 incedit
1028 884 1065 938 ad
1090 883 1222 939 dextram
1248 902 1318 938 con-

135 1009 245 1047 versus.
294 991 397 1046 Facies
420 1008 546 1065 persona
571 1009 682 1060 carenS,
709 1003 740 1045 ut
763 991 831 1045 mihi
855 991 977 1060 videtur,
1008 992 1053 1047 vel
1086 992 1190 1067 partim
1215 1008 1318 1066 perso-

135 1110 212 1168 nata,
238 1099 363 1168 φορβειὰν
387 1096 489 1169 habet,
526 1110 555 1152 et
583 1097 610 1151 in
638 1110 734 1152 mento
763 1111 792 1152 et
821 1098 848 1152 in
872 1097 966 1153 fronte
990 1098 1092 1154 lineam
1117 1098 1200 1153 vides
1223 1097 1318 1152 rubro

136 1205 235 1260 colore
259 1205 383 1274 ductam,
408 1222 528 1276 quarum
552 1205 672 1260 alteram
698 1205 824 1273 cristam,
850 1205 971 1260 alteram
995 1204 1119 1260 barbam
1143 1206 1207 1278 quis
1223 1216 1316 1279 putet.

136 1313 200 1367 Non
224 1331 290 1387 ego,
316 1312 384 1385 quid
407 1311 545 1386 effingere
569 1312 692 1367 voluerit
717 1313 820 1385 pictor,
846 1332 901 1387 pro
926 1324 1007 1368 certo
1032 1312 1193 1368 diiudicem.
1234 1311 1319 1368 Tibi-

137 1420 229 1474 cinem
253 1419 327 1474 duae
351 1419 493 1492 quaedam
517 1418 627 1493 figurae
652 1419 689 1474 ad
713 1419 875 1494 exemplum
900 1420 997 1474 nescio
1014 1437 1134 1492 quorum
1152 1420 1317 1475 animalium

136 1538 311 1602 personatae
334 1538 490 1600 sequuntur
513 1545 577 1582 eum
601 1527 629 1580 in
653 1526 766 1580 modum
791 1525 958 1596 obvolutae,
984 1540 1014 1581 ut
1037 1546 1074 1583 ex
1097 1526 1266 1582 informibus
1287 1541 1318 1583 et

138 1633 227 1688 vastis
261 1633 355 1708 palliis
389 1632 529 1688 talaribus
564 1634 661 1709 capita
690 1652 779 1707 aegre
808 1634 999 1708 promineant.
1046 1635 1151 1690 Pennis
1179 1635 1207 1688 ni
1231 1633 1319 1690 fallor

137 1739 228 1795 tribus
251 1759 361 1795 summa
385 1742 481 1816 capita
506 1755 607 1796 ornata
632 1754 712 1811 sunt,
750 1759 785 1795 ex
816 1741 918 1795 mentis
943 1741 1107 1817 dependent
1131 1742 1315 1812 lineamenta,

138 1865 213 1920 quae
238 1846 346 1903 habent
368 1848 494 1922 speciem
516 1847 643 1919 barbae,
669 1860 698 1902 et
715 1867 827 1922 pennae
843 1861 872 1902 et
888 1847 1009 1918 barbae,
1036 1867 1108 1922 quas
1125 1849 1200 1918 dico,
1225 1847 1318 1904 rubro

139 1953 237 2008 colore
260 1953 383 2010 effectae
406 1967 479 2010 sunt.
528 1955 630 2008 Miram
655 1955 682 2008 in
705 1966 827 2027 utroque
852 1954 1001 2025 choreuta,
1031 1955 1108 2028 quod
1132 1974 1237 2011 nomen
1262 1955 1318 2011 illis

138 2061 300 2136 personatis
324 2062 422 2116 indere
447 2062 514 2116 mihi
538 2062 632 2130 liceat,
662 2061 744 2116 vides
768 2061 884 2116 faciem:
921 2081 1010 2137 supra
1038 2080 1167 2117 crassam
1191 2061 1315 2117 buccam

139 2167 237 2223 oculus
260 2181 367 2243 puncto
392 2187 448 2226 non
472 2169 563 2223 maior
587 2169 775 2244 conspicitur,
801 2168 884 2223 labra
900 2182 1003 2244 aperta
1020 2188 1055 2224 ac
1071 2181 1218 2244 porrecta,
1244 2188 1318 2224 naso

139 2275 315 2349 longitudine
339 2276 435 2350 paria,
465 2275 543 2331 frons
571 2276 608 2330 ad
633 2276 738 2330 cristae
762 2275 972 2331 similitudinem
996 2289 1167 2350 comparata
1191 2276 1314 2346 videtur,

139 2400 233 2456 neque
267 2383 358 2437 minus
393 2383 420 2437 in
448 2382 571 2438 tibicinis
600 2383 693 2438 fronte
722 2383 787 2437 talis
816 2383 921 2437 cristae
949 2383 1013 2438 leve
1038 2383 1189 2457 vestigium
1215 2383 1317 2458 depre-

141 2490 282 2546 henditur.
331 2490 456 2544 Alterius
481 2490 638 2545 choreutas
662 2490 751 2545 facies
775 2502 804 2544 et
828 2489 915 2543 crista
932 2501 1013 2544 caret
1029 2503 1058 2544 et
1074 2509 1107 2544 os
1125 2489 1215 2545 habet
1231 2490 1316 2544 alium

141 2599 168 2652 in
192 2597 306 2652 modum
331 2597 547 2666 conformatum,
574 2597 613 2652 ita
637 2610 667 2651 ut
690 2597 748 2651 suis
773 2597 816 2650 ori
840 2597 930 2652 simile
954 2597 1095 2652 videatur.

231 2704 370 2771 Quamvis
393 2704 480 2779 pallia
504 2716 562 2758 tam
586 2715 669 2758 vasta
692 2702 730 2758 ab
747 2703 841 2757 avium
859 2704 991 2778 personis
1007 2703 1195 2772 abhorreant,
1222 2716 1316 2759 tamen

142 2810 246 2866 frustra
270 2829 345 2884 quae
368 2811 424 2864 alia
449 2810 582 2865 animalia
606 2811 684 2886 picta
707 2811 773 2879 sint,
800 2811 1009 2885 circumspicio,
1050 2811 1087 2865 Et
1111 2829 1146 2865 ex
1171 2811 1265 2866 cristis
1289 2824 1317 2866 et

142 2936 178 2971 ex
212 2916 313 2973 barbis
347 2918 475 2990 utrisque
509 2916 612 2986 rubriS,
650 2919 697 2990 qui
726 2917 862 2972 Gerhard
893 2918 909 2972 Ι.
936 2937 961 2972 c.
992 2917 1159 2972 sententiam
1185 2917 1317 2992 proferre

143 3025 233 3099 possit
256 3024 350 3098 gallos
371 3026 592 3099 repraesentari,
619 3025 702 3080 lacile
720 3025 857 3098 intelligo,
884 3038 913 3079 et
929 3025 990 3099 ipse
1007 3021 1100 3079 Smith
1118 3025 1134 3078 l.
1154 3043 1178 3078 e.
1206 3046 1233 3100 p.
1255 3043 1315 3098 310

143 3151 207 3187 esse
231 3132 326 3186 avium
350 3132 446 3206 capita
470 3145 577 3188 censet.
610 3133 751 3205 Equidem
776 3151 888 3187 omnem
913 3131 1120 3186 dubitationem
1141 3132 1225 3186 eximi
1243 3132 1317 3187 arbi-

143 3253 212 3309 tror,
249 3239 273 3293 si
307 3239 462 3293 choreutas
497 3239 535 3293 ad
570 3240 664 3294 avium
700 3240 938 3311 qualiumcunque
966 3239 1114 3313 exemplar
1144 3251 1318 3313 personatos

144 3346 254 3400 nonnisi
288 3345 381 3420 palliis
416 3346 469 3400 illis
503 3346 593 3401 vastis
628 3346 779 3421 expeditos
814 3341 1030 3422 (adnodintasu)
1066 3345 1222 3400 saltaturos
1253 3364 1317 3401 esse

143 3465 309 3508 statuemus.

233 3561 263 3613 ln
291 3559 383 3615 altero
412 3560 502 3616 latere
527 3579 579 3615 vas
602 3561 671 3615 nihil
695 3559 814 3616 exhibet
837 3560 890 3615 nisi
915 3560 1057 3614 hominem
1082 3559 1232 3615 schemate
1257 3578 1318 3614 cur·

144 3667 217 3722 soris
241 3666 377 3722 archaice
402 3666 582 3737 delineatum,
608 3667 721 3723 clavam
745 3679 898 3723 tenentem.

233 3773 363 3828 Alterum
392 3792 453 3843 vas,
483 3774 561 3847 quod
591 3793 627 3829 ex
655 3774 778 3848 caligine
802 3774 829 3829 in
853 3774 945 3828 lucem
969 3774 1087 3849 protulit
1111 3773 1190 3829 Cecil
1214 3771 1317 3843 Smith,

144 3893 277 3936 servatur
300 3881 328 3935 in
351 3899 449 3936 museo
466 3881 640 3951 Britannice,
666 3881 817 3937 oenochoe
841 3899 916 3935 anno
938 3879 1017 3954 1835
1044 3881 1072 3935 in
1088 3880 1170 3935 Italia
1191 3893 1317 3957 reperta.

146 3987 210 4044 Una
232 4000 351 4043 ornatur
374 3988 520 4044 vasculum
543 3988 656 4064 pictura
680 3988 708 4043 in
731 3988 824 4044 fronte
849 3986 992 4043 collocata
1016 3983 1127 4066 (journ.
1152 3989 1181 4042 ol
1206 3988 1319 4044 Hellen.

145 4093 227 4150 Stud.
252 4094 294 4148 Pl.
319 4093 388 4150 XIV
411 4096 443 4150 B.
466 4096 503 4169 1).
547 4096 577 4150 In
600 4095 715 4151 sinistra
739 4108 823 4170 parte
846 4094 1001 4170 aspicimus
1024 4094 1170 4150 tibicinem
1194 4096 1232 4151 ad
1254 4096 1320 4151 dex-
