2910 4492
723 398 761 454 2,
813 414 849 421 ..

136 561 356 636 gravissimum,
382 575 507 637 spectes,
533 575 680 614 auctorem
705 559 790 627 illum,
816 559 895 614 cuius
919 577 954 614 ex
979 557 1058 614 libris
1084 559 1252 632 Anonymus
1278 560 1323 614 vel

137 668 216 724 alius
245 667 417 745 compilatur
444 688 479 723 ea
504 665 596 722 verba
620 667 710 742 petiit,
740 681 769 721 et
792 666 902 721 Cratini
926 680 955 721 et
980 666 1184 743 Aristophanis
1210 684 1323 722 comoe-

136 777 206 832 dias
243 773 372 831 manibus
407 775 531 830 tenuisse
566 787 595 829 et
629 773 808 850 perlegendo
844 793 894 829 eas
927 774 1000 829 inter
1027 792 1059 830 se
1089 773 1322 850 comparavisse,

137 882 313 957 antiquioris
336 881 506 938 comoediae
531 880 651 937 lormam
677 880 842 936 coniectura
867 893 974 935 tantum
999 880 1115 955 assequi
1140 893 1269 936 conatur.

234 988 310 1058 Quid
335 988 412 1044 valet
437 987 556 1044 verbum
581 987 692 1050 ἀταξίαῖ
710 987 812 1042 Mirum
838 987 903 1042 huic
928 988 992 1043 voci
1007 985 1185 1042 ‘sententiam
1210 987 1322 1044 subiicit

138 1096 274 1164 Richter,
297 1095 509 1170 Prolegomena
533 1094 570 1149 ad
597 1094 746 1171 Aristoph.
773 1093 862 1169 Vesp.
888 1114 916 1170 p.
938 1112 995 1168 35:
1035 1091 1167 1150 »Similes
1192 1110 1321 1151 actorum

138 1222 243 1272 rocca,
268 1202 373 1259 similes
389 1201 646 1278 pronuntiationes,
672 1201 835 1275 similesque
852 1220 1005 1276 personae,
1029 1199 1201 1275 habitusque
1217 1202 1322 1257 similes

141 1343 183 1352 --—
211 1309 264 1365 etsi
287 1309 387 1364 Pollux
412 1310 438 1363 in
462 1308 663 1363 enumerandis
687 1307 788 1363 multus
813 1321 856 1363 est
884 1341 920 1349 —
949 1309 1022 1364 haec
1046 1309 1169 1364 omnium
1195 1310 1267 1364 inter
1290 1329 1323 1365 se

138 1417 267 1495 partium
294 1417 448 1472 similitudo
476 1415 582 1484 effecit,
618 1416 735 1490 quando
759 1430 889 1471 actorum
914 1417 1014 1471 nimius
1038 1436 1171 1472 numerus
1196 1417 1319 1485 accedit,

138 1523 256 1587 ἀταξίαν
282 1537 312 1578 ut
341 1522 453 1578 habeas
482 1523 556 1578 illam
586 1544 602 1578 a
628 1524 818 1597 grammatico
843 1523 958 1578 dictam.
1008 1524 1069 1578 Has
1093 1523 1177 1597 igitur
1202 1535 1322 1599 propter

138 1649 248 1687 causas
272 1629 425 1707 probabile
450 1646 492 1685 est
518 1643 626 1685 certum
651 1644 781 1684 actorum
806 1648 952 1684 numerum
969 1651 985 1685 a
1003 1630 1122 1685 Cratino
1139 1631 1320 1686 constitutum

137 1757 219 1806 esse,
254 1737 363 1793 scilicet
393 1739 539 1812 provisum
564 1735 602 1791 ab
627 1756 761 1804 coesse,
798 1756 833 1791 ne
858 1735 948 1791 tribus
973 1737 1070 1812 plures
1093 1757 1148 1791 una
1173 1737 1321 1812 prodirent

137 1858 170 1901 et
207 1844 421 1920 loquere'ntur.«
483 1845 627 1913 Quantum
657 1864 673 1898 a
703 1861 774 1898 vero
803 1843 985 1898 aberraverit
1011 1843 1129 1898 Richter
1158 1863 1195 1898 ex
1223 1843 1322 1898 verbis

137 1949 328 2026 sequentibus
352 1951 544 2025 colligentium
569 1965 626 2005 est:
657 1950 714 2003 ἀλλ’
729 1951 765 2003 ἔτι
778 1952 821 2019 μὲν
839 1958 883 2004 καὶ
901 1947 974 2006 οὗτος
986 1953 1031 2018 τῆς
1043 1951 1211 2021 &placitator
1222 1954 1321 2020 μετεῖχε

136 2062 186 2112 καὶ
212 2059 295 2129 ἡρέμα
318 2079 373 2114 ποτε
392 2061 436 2124 τῆς
455 2057 572 2120 ἀταξίας,
598 2058 624 2111 in
649 2057 752 2130 quibus
776 2058 889 2113 minime
914 2078 949 2113 ea
974 2059 1047 2113 inest
1070 2059 1122 2125 viS,
1148 2059 1229 2132 quasi
1254 2078 1321 2114 non·

138 2183 286 2239 nunquam
311 2165 445 2221 Cratinus
469 2163 559 2219 tribus
583 2164 680 2239 plures
704 2182 759 2218 una
783 2165 959 2240 prodeuntes
984 2179 1013 2222 et
1037 2165 1186 2239 loquentes
1211 2165 1319 2221 fecerit.

139 2272 189 2328 An
215 2273 278 2346 quis
301 2273 396 2348 putet?
436 2269 544 2327 Similia
569 2271 703 2326 Meineke
727 2273 860 2347 exposuit
888 2273 974 2345 (Hist.
1000 2274 1062 2327 crit.
1088 2293 1116 2348 p.
1138 2274 1198 2344 50).
1247 2273 1321 2328 Beer

137 2379 211 2452 (Die
235 2379 305 2434 Zahl
331 2379 383 2434 der
406 2377 612 2454 Schauspieler
636 2377 682 2433 bei
709 2378 920 2455 Aristophanes
945 2401 973 2456 p.
998 2382 1060 2454 19):
1096 2378 1321 2433 »Wahrschein-

138 2487 233 2556 licha,
269 2487 367 2561 inquit,
402 2486 515 2560 »bezog
542 2486 604 2540 sich
635 2485 680 2540 die
706 2486 866 2560 Massregel
891 2487 942 2542 des
967 2487 1103 2542 Kratinos
1127 2505 1179 2539 nur
1203 2484 1254 2539 auf
1274 2485 1319 2540 die

137 2593 439 2669 Parachoregemata‚
477 2593 566 2648 deren
590 2592 749 2648 Gebrauch
786 2612 842 2647 von
873 2594 1014 2649 manchen
1044 2593 1202 2648 Komikern
1233 2611 1320 2667 unge-

138 2700 278 2757 bnhrtich
302 2702 448 2756 erweitert
471 2701 531 2755 sein
556 2699 701 2755 mochte.«
743 2701 896 2769 Brentano,
921 2720 1093 2775 quamquam
1119 2701 1145 2754 in
1170 2700 1255 2755 totius
1278 2701 1320 2756 rei

137 2808 346 2864 diiudicatione
370 2808 494 2883 pessime
519 2807 615 2882 lapsus
639 2821 692 2876 est,
730 2822 824 2862 tamen
849 2809 956 2883 optime
981 2807 1149 2863 observavit
1172 2825 1320 2883 opponen-

137 2915 210 2972 dam
245 2915 441 2982 εεεαάταξίᾳ
468 2915 505 2969 illi
534 2933 628 2969 notae
660 2916 829 2971 comoediae
853 2917 934 2979 τάξιν,
962 2938 1018 2991 qua
1050 2930 1110 2972 tota
1139 2914 1236 2971 fabula
1266 2915 1319 2971 dis·

136 3023 238 3101 posita
262 3039 315 3078 est.

234 3128 333 3185 Verba
357 3129 440 3185 velim
464 3141 580 3205 spectes
599 3132 735 3198 κατέστησε
752 3131 800 3198 μὲν
813 3134 915 3199 πρῶτον
930 3134 960 3182 rri
973 3132 1000 3183 ἐν
1013 3134 1044 3203 τῇ
1056 3130 1180 3200 κωμῳδίᾳ
1192 3133 1319 3200 πρόσωπα

133 3241 216 3308 μέχρι
235 3239 321 3308 τριτῖν,
346 3238 363 3291 i.
381 3256 406 3291 e.
429 3255 575 3291 numerum
598 3252 738 3305 actorum,
767 3236 876 3291 scilicet
897 3252 982 3293 antea
1000 3237 1183 3306 indefinitum,
1206 3237 1242 3291 ad
1260 3251 1318 3292 tres

136 3345 297 3414 restrinxit,
323 3345 370 3418 qui
395 3343 468 3399 ordo
492 3345 642 3419 oppositus
671 3356 715 3398 est
738 3342 836 3398 verbis
859 3345 893 3396 τὰ
917 3347 1044 3415 πρόστυπα
1068 3340 1171 3413 εἰσῆγον
1195 3344 1317 3400 ἀτάκτως.

140 3455 171 3507 [n
197 3449 301 3525 quibus
325 3451 410 3524 igitur
434 3449 532 3505 verbis
556 3470 591 3505 ea
616 3451 688 3505 inest
712 3451 768 3505 vis:
806 3450 931 3506 fabulam
960 3470 1023 3506 eum
1053 3451 1080 3505 in
1104 3451 1219 3507 modum
1243 3469 1318 3505 com-

137 3577 262 3637 ponere,
299 3571 328 3612 ut
363 3557 439 3612 nulla
475 3559 655 3612 restrictione
691 3558 799 3612 numeri
834 3571 964 3613 actorum
993 3557 1070 3613 sacta
1094 3576 1237 3633 personae
1262 3576 1318 3612 non

137 3665 233 3734 simul,
270 3665 322 3720 sed
358 3665 414 3720 alia
447 3678 513 3740 post
537 3665 621 3720 aliam
646 3665 787 3738 usquein
811 3663 945 3719 infinitum
971 3665 1017 3720 vel
1041 3683 1189 3739 quousque
1213 3677 1318 3740 poetae

137 3774 248 3850 placet,
275 3771 453 3827 inducantur.
502 3771 601 3827 Verba
626 3772 711 3845 igitur
739 3771 796 3823 ἀλλ’
817 3771 854 3824 ἔτι
872 3772 922 3840 μὲν
940 3779 985 3825 καὶ
1004 3769 1076 3829 οἶτος
1093 3774 1139 3839 τῆς
1152 3771 1320 3842 ἀρχαιότητος

135 3880 241 3951 μετεῖχε
259 3886 304 3932 καὶ
322 3878 406 3949 ἠρέμα
424 3899 480 3934 πως
496 3880 542 3944 τῆς
561 3878 669 3941 ἀταξίας
684 3877 847 3952 significant
859 3877 969 3934 Cratini
985 3877 1098 3934 fabulas
1115 3898 1178 3934 eam
1191 3879 1317 3954 speciem

136 3986 322 4065 praebuisse,
358 3999 388 4040 ut
422 4002 459 4040 ex
487 3986 520 4040 iis
548 3997 664 4061 poetam
693 4002 783 4058 aegre
810 3986 954 4042 strictiore
982 4005 1101 4042 numero
1129 4004 1317 4062 personarum

136 4112 312 4152 assuescere
340 4109 505 4170 appareret,
543 4095 570 4148 id
601 4091 679 4167 quod
708 4091 735 4144 in
764 4092 888 4166 legendo
913 4093 951 4148 ab
976 4093 1023 4149 illo
1047 4093 1238 4168 grammatico
1262 4093 1316 4148 alia
