2910 4492
688 385 904 440 „-28„

208 559 534 618 »Schubladenstiicke«
573 563 701 620 dicimus.
760 561 820 619 Sed
855 563 923 638 quid
958 564 1036 638 quod
1066 564 1279 641 Aristophanes
1315 554 1384 621 huic

136 666 139 673 ’
202 669 306 724 rationi
330 669 458 744 indulget
481 670 550 746 ipsis
574 670 602 725 in
626 671 792 740 comoediis,
829 690 906 745 quae
929 671 1038 739 iisdem,
1076 671 1253 748 temporibus
1276 671 1384 747 quibus

203 776 373 850 tragoediae
396 773 551 852 Sophoclis
575 791 604 832 et
627 777 773 854 Euripidis
796 777 833 833 ad
858 777 1100 852 elegantissimam
1124 792 1215 834 artem
1236 779 1381 843 excultae,

204 882 428 939 Atheniensibus
451 883 647 939 eruditissimis
671 882 869 960 spectantibus
885 898 914 940 et
929 883 1129 955 iudicantibus,
1155 885 1239 940 laude
1255 887 1382 941 maxima

204 991 249 1047 vel
273 992 358 1046 etiam
383 992 512 1067 praemio
541 989 658 1066 publico
688 991 793 1067 dignae
818 992 997 1047 existimatae
1020 1007 1094 1048 sunt.
1143 992 1226 1060 Quae
1250 1012 1298 1049 res
1322 1014 1383 1068 quo

201 1111 355 1154 excusetur
389 1117 446 1153 non
476 1097 565 1152 habet
594 1099 647 1153 nisi
676 1099 742 1173 quia
767 1098 961 1154 Athenienses
990 1117 1054 1154 eam
1078 1099 1216 1155 raiionem
1241 1101 1328 1156 etiam
1354 1101 1383 1155 in

203 1205 266 1260 aliis
301 1205 395 1281 poetis
431 1204 652 1280 deprehendere
681 1220 854 1261 consuerant
883 1220 912 1260 et
939 1207 1006 1280 quia
1036 1205 1338 1282 Aristophanesseam
1364 1229 1382 1262 a

204 1313 298 1388 poetis
318 1327 414 1368 aetate
438 1311 635 1388 superioribus
660 1313 821 1369 hereditate
844 1327 1010 1388 acceperat.
1043 1313 1201 1380 Quominus
1218 1312 1383 1370 fabularum

204 1421 454 1476 inconcinnitatem
487 1419 675 1496 Aristophani
711 1435 856 1494 tamquam
890 1421 1039 1496 proprium
1074 1420 1171 1475 vitium
1207 1421 1384 1496 imputarent

202 1528 248 1582 vel
283 1527 364 1601 quasi
393 1545 456 1581 eum
485 1540 576 1582 artem
606 1526 799 1603 componendi
823 1525 935 1582 fabulas
959 1526 1103 1582 laxavisse
1127 1526 1264 1595 dicerent,
1302 1527 1384 1584 Tex-

203 1648 304 1704 torem,
330 1633 482 1702 Kockium,
508 1634 580 1688 alios
605 1634 735 1690 homines
759 1634 861 1689 ductos
884 1632 1043 1709 prohibere
1060 1632 1158 1688 debuit
1174 1634 1240 1688 illud
1256 1635 1383 1692 Platonii

203 1757 270 1820 (περὶ
290 1749 417 1819 διαφοράς
436 1753 615 1821 χαρακτήρων)
641 1749 677 1805 de
706 1749 825 1805 Cratino
854 1749 973 1804 dictum:
1006 1749 1123 1816 εὔστοχος
1151 1749 1178 1802 δὲ
1205 1748 1242 1803 τόν
1269 1749 1298 1802 ἐν
1322 1755 1384 1808 ταῖς

198 1848 335 1918 7ἐπιβολαῖς
356 1850 409 1900 τοῖν
432 1847 573 1916 δραμάτων
597 1854 639 1900 καὶ
665 1847 817 1908 διασκευαῖς,
847 1845 903 1900 εἶτα
930 1847 1028 1917 προιὼν
1050 1855 1096 1900 καὶ
1115 1847 1233 1901 διασπῶν
1251 1851 1298 1905 τὰς
1316 1851 1383 1903 ὑπο-

201 1959 288 2011 θέσεις
307 1955 352 2008 οὗκ
371 1954 523 2010 ἀκολούθως
541 1954 640 2024 πληροῖ
656 1956 688 2006 τά
702 1953 831 2023 δράματα.
867 1953 903 2008 Ut
920 1972 991 2009 vero
1007 1973 1064 2009 non
1080 1954 1171 2010 solum
1189 1952 1304 2010 fabulae
1320 1957 1383 2011 uni·

197 2080 305 2117 ¹uersae
329 2061 589 2130 inconcinnitatem,
620 2061 672 2116 sed
703 2061 788 2116 etiam
817 2060 938 2115 eandem
963 2060 1039 2115 iiiam
1064 2061 1255 2137 componendi
1278 2075 1384 2138 partes

201 2169 341 2245 quasdam
370 2169 510 2224 rationem
539 2189 556 2222 a
581 2167 777 2244 superioribus
801 2169 894 2243 poetis
920 2167 1108 2243 Aristophani
1133 2167 1267 2224 traditam
1292 2169 1383 2226 fuisse

202 2276 349 2353 probetur,
387 2295 496 2352 operae
532 2276 653 2351 pretium
678 2275 732 2330 erit
756 2274 984 2350 interpretationi
1009 2274 1064 2330 ioci
1089 2274 1235 2330 cuiusdam
1260 2275 1288 2330 in
1311 2297 1383 2352 pro-

201 2385 359 2459 legomenis
395 2383 431 2439 de
467 2383 617 2438 comoedia
653 2383 791 2437 exstantis
826 2399 924 2436 rursus
952 2401 1065 2437 manum
1089 2382 1256 2453 admovere,
1292 2403 1383 2458 quem

202 2492 294 2548 locum
329 2505 378 2546 aut
413 2509 469 2545 non
497 2503 577 2545 recte
601 2489 769 2565 perspicere
793 2489 846 2542 viri
872 2488 949 2543 docti
973 2488 1114 2558 videntur,
1151 2503 1199 2543 aut
1224 2491 1268 2544 cui
1292 2489 1382 2547 sidem

202 2598 365 2653 habendam
390 2617 455 2652 esse
479 2617 597 2672 prorsus
621 2611 737 2670 negant.

291 2704 501 2777 AnonymusV
527 2698 688 2782 (Duebner)
713 2717 866 2778 postquam
890 2704 1023 2778 exposuit
1051 2701 1231 2758 comoediam
1255 2717 1284 2760 et
1308 2706 1384 2760 auti·

201 2833 286 2886 quam
311 2826 339 2866 et
363 2830 468 2866 novam
492 2812 635 2866 exstitisse
659 2809 739 2865 addit
764 2810 889 2864 haecce:
914 2817 958 2861 καὶ
983 2809 1047 2876 αὕτη
1072 2808 1100 2862 δὲ
1121 2811 1138 2874 ἡ
1161 2809 1264 2863 παλαιὰ
1288 2810 1385 2877 ἑαυτῆς

201 2919 319 2988 διαφέρει
336 2926 381 2971 καὶ
399 2919 451 2989 γάρ
470 2916 496 2971 οἱ
514 2917 540 2970 ἐν
557 2918 659 2990 Ἀττικῇ
677 2918 780 2986 πρῶτον
801 2918 988 2985 συστησάμενοι
1006 2917 1036 2968 τὸ
1056 2914 1213 2985 ε’πιτίχδευμοι
1231 2918 1276 2982 τῆς
1288 2939 1386 2988 κωμῳ-

199 3025 257 3082 δίας
270 3022 348 3097 (ἦσαν
367 3024 394 3078 δὲ
413 3022 508 3095 οἱπερὶ
520 3026 701 3095 Σουσαρίωνα)
721 3031 765 3076 καὶ
784 3026 816 3076 τά
834 3026 962 3093 πρόσοικα
980 3019 1080 3093 είςῆχον
1099 3023 1215 3078 ἀτάκτως
1232 3031 1279 3076 καὶ
1295 3028 1384 3092 μόνος

199 3129 232 3198 ἦν
254 3132 333 3202 γέλως
355 3135 384 3185 τὸ
406 3133 669 3199 κατασκευαζόμενον.
711 3130 905 3200 Ἐπιγενόμενος
928 3129 956 3183 δὲ
980 3132 993 3182 ό
1013 3132 1142 3200 Κρατῖνος
1164 3132 1303 3197 κατέστησε
1330 3135 1384 3201 μὲν

197 3242 302 3310 πρῶτον
325 3241 357 3292 τὰ
381 3239 408 3292 ἐν
430 3241 462 3312 τῇ
485 3237 609 3307 κωμῳδίᾳ
631 3241 759 3307 πρόσωπα
782 3240 856 3308 μέχρι
878 3239 957 3308 τριοῖν
981 3241 1108 3304 συστήσας
1130 3239 1178 3303 τὴν
1201 3237 1316 3301 ἀταξίαν
1337 3249 1385 3295 καὶ

200 3349 235 3412 τῷ
259 3349 372 3417 χαρίεντι
394 3349 440 3414 τῆς
463 3344 600 3414 κωμῳδίας
624 3347 654 3398 τὸ
682 3345 814 3414 ὠφέλιμον
840 3347 995 3414 προσέθηκε,
1025 3349 1084 3400 τοὺς
1107 3345 1191 3399 κακῶς
1213 3347 1385 3415 πράττοντας

199 3453 349 3523 διαβάλλων
372 3460 416 3506 καὶ
434 3448 521 3522 ὥσπερ
539 3451 652 3520 δημοσίᾳ
670 3455 776 3522 μάστιχι
796 3453 827 3525 τῇ
845 3449 968 3519 κωμῳδίᾳ
987 3450 1111 3513 κολάζων.
1132 3449 1188 3504 ἀλλ’
1209 3449 1247 3504 ἔτι
1265 3452 1317 3520 μὲν
1336 3461 1385 3508 καὶ

199 3557 272 3617 σῖτος
289 3562 335 3628 τῆς
353 3560 522 3631 ἀρχαιότητος
540 3563 638 3628 μετεῖχε
657 3566 703 3612 καὶ
720 3559 804 3630 ίρίμα
822 3581 876 3615 πως
894 3561 939 3625 τῆς
959 3558 1077 3621 ἀταξίας·
1098 3559 1213 3626 όμὲντοι
1225 3578 1253 3627 χε
1264 3558 1384 3630 :romo-

200 3671 283 3736 φάνης
305 3666 469 3736 μεθοδεῖισας
492 3669 672 3738 τεχνικώτερον
696 3668 739 3722 τῖς
761 3666 824 3735 μεθ’
851 3666 941 3719 ἑαυτοῦ
959 3667 1007 3730 την
1025 3663 1165 3732 κωμῳδίαν
1183 3663 1335 3735 ἐνίλαμψεν
1354 3666 1384 3720 ἐν

199 3778 299 3836 ἅπασιν
321 3783 415 3851 ὀφθεὶς
434 3778 500 3836 οὕτω
519 3783 572 3835 κτλ.
612 3784 655 3837 Ne
679 3783 742 3856 quis
766 3795 874 3837 temere
899 3800 944 3836 me
968 3795 1086 3836 accuset
1109 3779 1167 3836 falli
1191 3798 1236 3835 me
1260 3799 1327 3837 eum
1353 3785 1382 3838 in

200 3891 324 3958 modum,
354 3904 384 3944 ut
407 3903 555 3945 auctorem
580 3889 710 3944 manibus
733 3904 832 3944 tenere
856 3888 924 3943 mihi
952 3887 1062 3958 videar,
1092 3889 1140 3962 qui
1164 3887 1201 3943 de
1224 3889 1381 3946 comoedia

200 3998 308 4054 Cratini
343 4011 439 4052 aetate
475 3998 635 4070 antiquiore
671 4010 820 4072 comperta
850 3995 983 4050 habuerit
1010 3996 1193 4051 accuratiora
1221 3995 1380 4069 quaedam,

199 4126 283 4179 quam
313 4125 387 4180 quae
416 4124 469 4160 nos
497 4124 550 4180 per
577 4104 759 4159 Aristotelem
788 4105 906 4168 scimus;
944 4102 970 4156 id
1000 4117 1117 4171 tantum,
1154 4101 1206 4156 sed
1230 4102 1310 4176 quod
1334 4117 1382 4159 est
