2910 4492
612 371 807 425 „3-

120 562 247 623 gestare,
284 549 332 604 illo
366 564 460 605 autem
496 551 615 606 vasculo
640 550 753 606 Alberti
776 551 916 620 Muelleri,
947 551 964 605 1.
991 570 1016 605 c.
1046 571 1074 626 p.
1100 550 1172 622 273,
1201 551 1297 626 potius

120 655 217 732 opinio
237 656 378 711 firmatur:
409 656 479 712 »der
494 658 576 728 κόραξ
594 659 850 728 ἐμπεφορβειωμένος
869 658 949 713 hatte
965 657 1043 713 wohl
1060 677 1112 712 nur
1128 659 1192 714 eine
1208 656 1297 714 Halb·

120 763 252 834 maske«,
279 764 317 818 ita
341 776 371 818 ut
394 767 504 835 φορβειᾷ
528 783 663 840 persona,
689 765 716 819 in
741 765 850 820 maiore
873 779 957 840 parte
974 765 1058 820 faciei
1073 765 1232 840 perforata,
1259 765 1296 820 ad

120 889 253 927 aversam
277 872 380 946 capitis
404 884 515 946 partem
540 872 658 946 alligata
682 872 726 927 sit.

210 978 390 1051 Quamquam
416 978 538 1051 denique
562 980 675 1034 minime
699 992 744 1034 est
767 992 885 1048 certum,
915 979 1155 1052 quemadmodum
1181 997 1296 1054 compa·

120 1097 199 1141 ratus
223 1084 306 1141 luerit
329 1085 418 1156 loeus,
456 1086 483 1140 in
507 1104 564 1158 quo
588 1086 718 1142 actiones
742 1087 807 1142 illae
831 1085 948 1155 fiebant,
985 1101 1014 1141 et
1042 1099 1178 1158 quantum
1203 1086 1296 1141 simili·

120 1192 223 1248 tudinis
247 1194 273 1249 ei
297 1212 360 1248 cum
384 1193 536 1248 orchestra
560 1194 751 1268 posteriorum
776 1205 902 1249 aetatum
919 1193 1011 1263 fuerit,
1038 1207 1133 1248 tamen
1150 1191 1295 1248 tibicinem

119 1300 180 1355 sine
203 1300 260 1356 ullo
284 1301 420 1375 tegimine
448 1301 525 1355 iuxta
554 1300 710 1356 choreutas
738 1301 876 1356 saltantes
900 1313 979 1356 stare
1003 1301 1150 1376 respicere
1174 1299 1294 1355 iuvabit.

120 1407 220 1476 Quare
242 1420 323 1464 recte
343 1407 544 1477 Wieselerum,
570 1407 588 1462 l.
614 1427 639 1462 e.
665 1429 694 1483 p.
715 1426 764 1479 71,
790 1407 966 1463 contendere
989 1421 1068 1483 puto,
1095 1408 1172 1480 quod
1196 1407 1296 1462 musici

120 1515 197 1570 iuxta
220 1515 358 1570 saltantes
383 1526 466 1582 stent,
493 1515 520 1569 in
544 1515 659 1570 theatro
684 1515 782 1570 Attico
806 1533 863 1570 non
887 1513 1036 1570 offendere
1060 1526 1252 1590 spectatores.

208 1622 263 1677 Hic
288 1622 425 1697 deinceps
449 1602 542 1692 tertia,
568 1640 654 1695 quam
679 1635 806 1677 tractare
822 1622 891 1676 mihi
906 1621 1087 1697 propositum
1103 1634 1156 1690 est,
1182 1621 1295 1696 pictura

119 1741 188 1806 apte
211 1743 365 1786 asseretur.
399 1731 430 1784 In
453 1729 596 1805 amphora
620 1730 770 1800 invenitur,
796 1748 870 1803 quae
894 1742 1028 1785 servatur
1048 1729 1076 1783 in
1093 1747 1191 1784 museo
1209 1729 1295 1784 Bero-

119 1837 219 1892 linensi
242 1835 295 1892 sub
312 1855 359 1892 no.
382 1834 473 1911 1697.
499 1836 634 1911 (Furtw.)
651 1855 724 1910 o‚33
743 1837 825 1906 altit,
852 1834 925 1910 o‚69
932 1853 947 1909 5
966 1837 1045 1902 circ„
1070 1836 1180 1890 Romae
1197 1848 1294 1910 empta

118 1963 145 1998 a.
176 1941 267 2014 1846,
292 1944 447 2000 secundum
470 1944 634 1999 Panofkam
659 1944 832 2000 Caeretana.
865 1945 895 1998 ln
919 1944 1033 1999 sinistra
1057 1957 1141 2018 parte
1165 1944 1203 1997 ad
1227 1943 1295 1998 dex·

118 2066 192 2106 tram
216 2069 374 2106 conversus
397 2050 503 2106 tibicen
528 2063 585 2105 stat
600 2051 688 2125 pallio
705 2050 827 2120 indutus,
853 2069 962 2105 corona
986 2063 1113 2119 ornatus
1139 2068 1293 2125 personam

118 2176 174 2212 non
198 2171 326 2232 gestans,
352 2159 428 2213 tibiis
453 2177 568 2213 canens.
606 2158 691 2232 Juxta
715 2177 779 2213 eum
804 2159 951 2234 inscriptio
969 2158 1072 2232 legitur
1088 2176 1174 2212 sensu
1191 2176 1295 2212 carens

574 2272 625 2319 EI
635 2271 656 2319 0
666 2273 696 2320 Χ
704 2272 729 2319 Ε
743 2271 764 2319 0
776 2272 807 2319 X
813 2272 839 2320 E

118 2371 166 2445 (cl.
192 2391 238 2433 no,
269 2371 349 2428 1686
375 2392 446 2428 mus.
472 2374 617 2447 Berolin.).
667 2373 712 2429 Ad
743 2372 886 2428 tibicinem
917 2373 1050 2428 conversi
1080 2384 1139 2427 tres
1164 2372 1294 2427 homines

118 2478 243 2551 barbati,
269 2498 407 2553 equorum
423 2482 555 2556 personis
571 2482 674 2556 singuli
691 2480 789 2548 induti,
815 2500 851 2535 ex
872 2499 992 2552 quorum
1010 2479 1090 2534 collis
1107 2478 1179 2533 infra
1196 2479 1294 2553 capita

118 2586 242 2642 humana
266 2601 418 2663 apparent.
466 2587 636 2643 Chitonibus
664 2599 778 2641 utuntur
806 2586 944 2642 brevibus
968 2586 1122 2655 adstrictis,
1160 2585 1196 2639 ad
1222 2603 1294 2657 quas

118 2693 229 2750 caudae
252 2695 374 2767 equinae
398 2694 535 2769 alligatae
558 2708 632 2750 sunt.
665 2695 767 2749 Manus
791 2694 961 2750 sublevandi
985 2695 1080 2749 oneris
1106 2711 1193 2748 causa
1215 2692 1294 2766 geni·

117 2800 171 2857 bus
199 2814 264 2856 sunt
292 2801 452 2876 impositae.
500 2801 626 2856 Insident
654 2802 728 2857 enim
760 2802 786 2856 in
814 2803 904 2877 tergis
933 2801 1036 2875 singuli
1067 2800 1177 2873 equites
1200 2799 1294 2874 galeis

117 2907 273 2964 Corinthiis
308 2908 396 2964 induti
431 2921 460 2963 et
494 2908 672 2979 thoracibus
709 2928 745 2963 ex
773 2908 876 2981 quibus
905 2908 977 2963 inira
1001 2907 1107 2963 breves
1130 2907 1294 2982 prominent

117 3015 248 3070 chitones
283 3015 428 3087 adstricti3
466 3016 605 3072 bracchia
640 3028 669 3071 et
697 3035 781 3071 crura
810 3015 895 3070 nuda.
947 3013 1076 3071 Sinistris
1100 3012 1230 3068 manibus
1255 3014 1293 3068 ad

117 3139 255 3195 equorum
291 3123 421 3178 cervices
456 3124 597 3199 appositis
633 3123 750 3179 dextras
785 3123 867 3195 quasi
896 3141 987 3196 equos
1011 3120 1157 3196 impulsuri
1181 3120 1291 3175 tollunt.

116 3229 227 3284 Primus
251 3231 279 3284 in
301 3230 387 3304 galea
412 3229 502 3286 habet
525 3231 596 3285 duas
620 3249 695 3303 quae
719 3229 787 3284 mihi
810 3229 942 3285 videntur
965 3247 1085 3305 pennas,
1115 3228 1188 3282 alter
1211 3222 1293 3283 falcis

117 3338 244 3412 speciem
281 3338 326 3394 vel
354 3339 431 3393 sinus
460 3338 556 3407 lunati‚
594 3338 693 3394 tertius
722 3338 857 3392 circulum
887 3357 951 3393 cum
982 3337 1119 3412 inscripta
1144 3353 1230 3389 cruce
1254 3335 1292 3389 ad

116 3445 231 3520 priscae
255 3445 367 3501 litterae
394 3447 430 3518 ρζ)
464 3446 590 3520 speciem
607 3444 852 3520 (Furtwaenglerz
883 3445 965 3500 »Rad
989 3445 1039 3499 mit
1062 3440 1291 3517 dSpeichenu)·

116 3552 162 3608 De
185 3553 322 3628 pingendi
346 3566 408 3608 arte
433 3554 460 3607 in
477 3553 595 3608 vasculo
612 3550 742 3607 adhibita
758 3551 972 3608 observandum
989 3564 1042 3621 est,
1060 3563 1189 3606 extrema
1206 3549 1293 3604 linea·

117 3672 212 3715 menta
237 3673 265 3716 et
289 3661 433 3735 margines
457 3661 577 3715 vestium
602 3673 631 3714 et
654 3660 804 3714 thoracum
829 3678 894 3714 esse
917 3659 1017 3728 incisa,
1049 3658 1147 3712 musici
1175 3657 1291 3732 pallium

116 3765 205 3822 rubro
240 3768 339 3823 colore
374 3768 507 3823 lineatum
536 3780 565 3822 et
592 3765 686 3821 rubris
713 3766 857 3842 punctillis
885 3778 1063 3841 coopertum,
1097 3765 1230 3819 chitonas
1254 3765 1292 3819 iu-

116 3891 219 3929 venum
250 3892 388 3948 equorum
413 3875 477 3929 vice
501 3874 674 3948 iungentium
699 3872 788 3928 rubro
813 3873 911 3928 colore
934 3885 1012 3928 totos
1036 3873 1129 3947 pictos
1153 3890 1226 3941 esse,
1264 3871 1292 3926 in

116 3979 280 4036 chitonibus
303 3969 427 4054 equitum
452 3980 539 4035 rubra
564 3981 657 4036 inesse
681 3981 827 4055 punctilla.
874 3979 922 4049 (cs.
948 3979 1010 4052 fig.)
