2910 4492
619 402 816 436 -ΙΟΔ

347 551 406 601 ‹uor'
427 551 476 617 ἔφη
498 553 597 619 Θέωρος
615 550 696 603 εἰπεῖν
715 556 838 621 καρκίνον
851 557 1016 621 ’Κορίνθιον

349 656 420 708 δεινὰ
438 655 483 725 7Γῶ
503 657 637 717 llioardov,
659 655 683 711 ai
698 658 760 726 μηδ’
781 658 807 710 ἐν
827 662 902 727 βυθῷ
922 659 1072 728 δυνήσομαι,

347 767 411 832 μήτε
430 768 463 837 γῇ
481 768 540 833 μήτ’
561 765 588 816 ἐν
606 765 729 837 θαλάττῃ
749 765 884 835 διαφυγεῖν
905 770 961 822 τοὺς
980 765 1080 823 ἱππέας.

136 880 164 932 ln
196 878 298 951 quibus
331 879 428 935 verbis
463 881 593 955 legendis
627 900 717 956 saepe
749 880 850 936 dubius
876 882 1038 953 haeseram,
1076 885 1183 959 leporis
1208 888 1310 938 trustra

134 987 281 1060 specimen
312 987 339 1040 in
368 987 401 1042 iis
431 988 618 1062 investigans.
672 989 884 1044 Enumerantur
912 1010 959 1045 res
984 991 1021 1045 ab
1047 1010 1184 1063 equorum
1210 1004 1311 1045 natura

135 1107 192 1147 tam
217 1094 338 1161 alienae,
364 1108 393 1148 ut
418 1095 495 1149 haud
519 1096 558 1150 ita
583 1095 676 1150 facete
701 1096 790 1150 iocari
814 1110 930 1171 poetam
955 1098 1050 1152 animo
1074 1098 1219 1153 sentirem.
1255 1098 1312 1152 ad-

135 1212 215 1254 notat
231 1200 401 1256 scholiasta:
427 1204 509 1254 ποῖσιν
527 1203 628 1258 ἵπποις·
648 1203 694 1255 ἵνα
712 1206 749 1272 μὴ
768 1204 826 1275 εἴπῃ
840 1206 892 1260 τοῖς
905 1202 1009 1257 ἱππεῦσι
1022 1212 1066 1258 καὶ
1080 1204 1142 1277 δόξῃ
1156 1207 1310 1276 χαρίζεσθαι

134 1310 169 1374 τῷ
188 1311 262 1377 χορῷ.
295 1306 403 1362 Similia
428 1309 466 1363 ab
488 1308 646 1364 editoribus
670 1310 853 1380 adnotantur,
879 1311 927 1383 qui
951 1330 1041 1383 equos
1058 1312 1173 1366 omnino
1190 1330 1246 1366 nun
1264 1311 1311 1366 ad-

135 1414 221 1470 fuisse
250 1415 356 1470 volunt.
409 1416 467 1470 Th.
493 1417 592 1471 Koch:
622 1417 694 1472 »Um
725 1417 788 1472 dem
817 1418 944 1486 Tadel«,
976 1419 1072 1491 inquit,
1106 1418 1176 1473 »des
1201 1417 1310 1473 Selbst-

135 1521 217 1578 lobes
252 1543 286 1576 zu
321 1523 474 1597 entgehen,
512 1524 655 1579 liberlasst
691 1525 742 1579 der
770 1525 851 1580 Chor
880 1525 932 1579 das
961 1544 1053 1598 ganze
1077 1525 1232 1580 Verdienst
1262 1526 1312 1580 der·

135 1631 163 1684 T
165 1631 216 1685 hat
251 1631 306 1686 den
330 1631 452 1700 Rossen,
490 1631 629 1686 wodurch
665 1632 717 1686 der
744 1632 866 1687 Dichter
901 1633 1031 1706 zugleich
1068 1633 1112 1688 ein
1149 1632 1312 1687 treffliches

136 1738 300 1793 komisches
324 1739 415 1792 Motiv
439 1739 595 1812 gentiunt«
647 1739 686 1794 At
710 1740 778 1793 nihil
802 1739 870 1794 salsi
894 1741 1049 1814 apponitur
1073 1739 1263 1803 audientibus
1289 1740 1312 1794 si

135 1845 199 1922 quis
234 1863 324 1917 equos
360 1844 506 1918 quaelibet
536 1845 719 1920 perficientes
748 1846 824 1915 lacit,
862 1865 936 1918 quae
960 1844 1101 1921 perlicere
1126 1847 1201 1901 nullo
1227 1847 1312 1901 modo

135 1970 256 2025 prorsus
279 1965 408 2027 possunt.
456 1954 558 2008 Nonne
583 1972 653 2008 vero
679 1953 852 2028 lepidissime
881 1966 968 2028 poeta
993 1954 1157 2029 epirrhema
1183 1955 1249 2008 illud
1275 1955 1313 2008 in-

136 2060 222 2128 venit,
240 2060 263 2114 si
280 2060 496 2128 commilitones,
515 2059 682 2133 quibuscum
699 2061 883 2135 expeditione
896 2061 1045 2115 Corinthia
1062 2062 1173 2133 equites
1186 2062 1312 2116 victores

136 2166 276 2242 perfuncti
305 2181 396 2236 erant,
433 2186 571 2240 equorum
600 2170 741 2243 personiS,
778 2169 878 2241 quales
907 2168 988 2224 vides
1013 2170 1039 2222 in
1064 2169 1176 2243 pictura
1200 2182 1310 2235 nostra,

135 2273 290 2330 obvolutos
314 2274 437 2330 induxit?
469 2275 641 2350 Opinionem
667 2276 813 2349 vulgatam
838 2295 874 2330 ex
899 2276 998 2349 viginti
1022 2289 1144 2348 quatuor
1168 2275 1311 2348 equitibus

135 2382 254 2436 chorum
291 2380 406 2436 fabulae
441 2383 630 2457 compositum
667 2382 752 2437 luisse
777 2381 895 2436 abdicat
920 2384 993 2437 Beer
1018 2383 1100 2454 (Zahl
1126 2382 1178 2437 der
1202 2381 1313 2437 Schau-

135 2488 241 2564 spieler
275 2487 322 2543 bei
359 2489 571 2563 Aristophanes
606 2509 635 2563 p.
667 2492 729 2562 30).
784 2488 844 2542 Sed
867 2490 1004 2557 rationes,
1041 2508 1113 2562 quas
1138 2488 1224 2544 affert
1247 2509 1313 2564 pro-

136 2595 255 2651 baturus
278 2598 400 2666 ye'povrac
423 2596 545 2661 ἡλιαστὰς
575 2596 670 2664 luisse,
708 2596 754 2667 qui
784 2595 903 2651 alterum
936 2595 1018 2650 chori
1048 2616 1134 2651 cornu
1165 2595 1316 2669 tenebant,¹

136 2715 165 2756 ut
189 2703 394 2777 intellegerem,
420 2703 524 2757 frustra
541 2702 701 2757 elaboravi.
734 2703 854 2770 Locum,
881 2722 907 2756 v.
929 2719 1111 2774 242—245,
1137 2702 1312 2757 adverbum

136 2810 339 2884 interpretatus
360 2809 476 2869 Theod.
501 2809 636 2864 Zielinski
660 2809 758 2881 (Glied
775 2809 802 2864 d.
821 2809 1005 2864 altattischen
1023 2809 1173 2878 Komddie,
1200 2831 1228 2884 p.
1254 2809 1309 2882 163

135 2917 202 2971 adn.
233 2920 271 2991 1.)
300 2935 336 2972 ex
365 2916 462 2971 verbis
486 2916 558 2970 ἐλᾶτε
582 2931 611 2971 et
637 2920 767 2984 κονιορτὸς
791 2936 807 2970 a
831 2917 1029 2971 Demosthene
1057 2934 1144 2971 servo
1175 2916 1312 2970 adhibitis

135 3042 187 3078 suo
212 3024 272 3079 iure
296 3023 440 3078 concludit
472 3025 547 3079 veris
576 3025 656 3096 equis
685 3025 712 3078 in
735 3024 916 3078 orchestram
942 3023 1070 3078 invectos
1095 3042 1159 3077 esse
1184 3024 1310 3094 equiteS,

135 3150 188 3185 nec
218 3131 308 3184 minus
339 3145 473 3206 prompte
503 3132 692 3186 assentiemur
723 3130 919 3199 Bachmanno,
950 3131 997 3202 qui
1026 3125 1142 3208 (Berlin.
1168 3131 1310 3204 Phiioiog.

136 3237 350 3293 Wochenschr.
382 3238 461 3293 1888
499 3256 545 3296 no,
578 3256 615 3291 20
652 3257 680 3312 p.
711 3235 787 3310 616)
823 3237 967 3292 Zielinskii
998 3237 1160 3311 opinionem
1197 3251 1226 3290 ut
1263 3237 1312 3291 ab·

135 3345 251 3399 surdam
287 3345 431 3417 quandam
467 3344 567 3399 reiicit.
616 3344 757 3411 Qualibus
787 3345 867 3417 equis
896 3364 926 3399 re
952 3364 1021 3398 vera
1046 3344 1156 3416 equites
1181 3345 1222 3398 usi
1247 3345 1311 3411 sint,

135 3451 267 3524 equidem
303 3452 416 3526 pictura
451 3464 549 3506 nostra
578 3452 695 3506 doceor.
745 3453 828 3519 Quae
853 3471 900 3506 res
925 3453 992 3506 mihi
1016 3471 1072 3505 non
1097 3451 1187 3504 minus
1212 3451 1312 3505 contir-

136 3572 228 3613 matur
258 3578 342 3613 versu
376 3577 435 3631 272
474 3562 502 3611 τὸ
521 3559 607 3615 σκέλος
625 3563 771 3629 κυρηβάσει,
798 3578 872 3632 quae
904 3558 995 3614 verba
1025 3559 1060 3613 de
1085 3577 1223 3629 equorum
1248 3578 1312 3633 per-

135 3684 222 3720 sonas
257 3665 437 3739 gestantibus
466 3667 608 3736 dicuntur‚
646 3687 730 3739 quam
761 3666 858 3721 verbis
887 3666 1003 3721 Cleonis
1032 3684 1059 3719 v.
1088 3683 1147 3737 273
1187 3668 1230 3734 ὑφ’
1250 3669 1312 3719 οἵων

136 3776 239 3844 θηρίων
256 3776 436 3844 γαστρίζομαι.
480 3772 597 3842 Dubito,
624 3794 687 3828 num
713 3787 792 3829 recte
809 3773 943 3828 Zielinski
974 3773 1165 3846 (Gliederung
1189 3793 1217 3846 p.
1239 3773 1314 3846 2b9)

135 3880 267 3936 adnotet:
310 3881 389 3936 »Das
418 3881 577 3955 llolgende,
617 3879 845 3952 ηομ-27666,
884 3881 919 3935 ist
950 3880 1014 3935 dem
1038 3880 1251 3934 Demosthenes
1280 3899 1315 3933 zu

135 3987 241 4063 geben,
268 3988 357 4043 damit
381 3989 426 4044 die
451 3989 617 4045 Choreuten
635 3988 697 4042 Zeit
721 3986 827 4056 haben,
853 3987 1050 4061 abzusteigen,
1076 3986 1132 4040 und
1158 3986 1203 4040 die
1220 3987 1314 4041 Rosse

136 4095 306 4170 wegilihren
340 4116 374 4150 zu
410 4096 533 4152 lassemr
596 4095 641 4149 Ex
676 4095 766 4169 tergis
801 4094 1022 4149 commilitonum
1051 4107 1130 4148 certe
1155 4093 1314 4148 choreutae
