2910 4492
684 409 722 464 37
776 424 810 430 --

104 570 134 622 in
170 588 250 624 usum
280 568 346 623 mibi
375 569 488 624 videtur
514 569 634 639 venisse,
670 569 774 643 quibus
798 571 853 624 iam
878 569 1005 645 parodus
1029 570 1184 626 artificiose
1208 590 1284 626 com-

104 675 202 751 posita
226 693 244 729 a
267 676 362 751 poetis
385 675 504 731 inveniri
524 688 630 752 coepta
646 689 699 744 est,
725 676 771 731 vel
788 677 820 731 iis
836 690 866 732 ut
882 676 965 732 aliter
981 676 1074 732 dicam
1091 676 1279 754 temporibus,

104 781 211 856 quibus
239 782 393 838 comoedia
418 783 515 838 Attica
544 782 581 838 ad
612 802 675 839 eam
704 795 795 840 artem
820 783 960 860 perducta
983 798 1036 852 est,
1062 798 1091 839 ut
1114 784 1283 840 elementum

104 888 296 944 dramaticum
320 904 349 945 ct
364 890 535 946 elementum
552 889 699 946 eboricum
717 892 743 945 in
761 890 874 967 parodo
890 889 927 944 ad
945 909 1123 946 communem
1140 892 1281 948 actionem

103 996 315 1052 coalescerent.
367 994 493 1052 Simulat
529 995 682 1073 parabasis
705 1000 852 1066 κομμάτιον
876 996 1058 1052 decantatum
1087 1011 1140 1067 est,
1177 998 1283 1053 chorus

103 1103 252 1176 antiquum
276 1122 356 1158 suum
382 1105 424 1158 ius
448 1103 625 1179 adipiscitur.

195 1209 254 1264 Tb.
273 1210 410 1266 Zielinski·
431 1229 494 1265 cum
512 1210 539 1265 in
556 1210 740 1285 disquirenda
757 1212 926 1267 comoediae
944 1213 1057 1267 Atticae
1074 1212 1282 1288 compositione

103 1335 240 1391 magnam
265 1317 425 1372 doctrinam
450 1318 486 1372 ed
512 1317 686 1392 diligentiam
704 1318 870 1388 collocaret,
897 1319 963 1374 illud
980 1317 1098 1373 tenebat
1114 1318 1282 1375 comoediae

102 1424 320 1498 antiquissimae
344 1425 467 1500 vestigia
493 1425 663 1480 delitescere
688 1426 715 1480 in
740 1425 838 1480 formis
854 1444 927 1500 quas
944 1425 1012 1480 dicit
1028 1426 1182 1480 canonicis.
1216 1426 1282 1494 Qua

100 1530 247 1586 adductus
282 1532 417 1608 opinione
453 1531 575 1587 exodum
602 1532 855 1608 Aristoplrancam,
892 1551 952 1588 rem
987 1544 1066 1587 ratus
1094 1551 1158 1587 eam
1181 1533 1282 1588 nullius

101 1638 250 1705 momenti,
286 1639 395 1714 quippe
429 1658 504 1714 quae
539 1639 625 1695 certis
655 1639 752 1694 formis
780 1653 903 1708 careret,
942 1639 1042 1695 leviter
1071 1653 1178 1694 tantum
1202 1654 1230 1695 et
1254 1641 1281 1694 in

100 1758 271 1801 transcursu
295 1747 439 1815 tractavit,
465 1765 521 1820 qua
547 1747 573 1800 in
598 1765 629 1801 re
654 1747 713 1801 veri
738 1746 852 1822 species
876 1748 900 1801 ci
918 1746 1008 1801 adluit
1023 1765 1059 1802 eo
1077 1747 1177 1819 magis,
1203 1747 1280 1820 quod

99 1851 201 1926 paullo
225 1866 310 1906 antea
336 1852 502 1928 parabasim
528 1853 605 1907 initio
630 1853 775 1928 epilogum
792 1852 879 1908 fuisse
895 1853 1064 1909 comoediae
1081 1852 1280 1908 demonstrare

98 1972 225 2014 conatus
249 1973 321 2014 erat.
369 1957 399 2014 Si
424 1959 577 2036 probanda
607 1973 684 2015 esset
708 1960 851 2016 Zielinskii
876 1961 1026 2034 sententia,
1055 1980 1112 2034 qua
1136 1959 1204 2014 nihil
1227 1960 1280 2015 nisi

99 2065 196 2121 forma
220 2068 369 2135 canonica,
395 2085 480 2141 quam
506 2066 582 2136 dicit,
609 2066 724 2123 cuilibet
752 2069 827 2143 parti
852 2067 1021 2122 comoediae
1047 2067 1280 2142 Aristophaneae

98 2173 228 2248 aliquam
264 2187 435 2229 vestutatem
472 2174 598 2228 vindicat
633 2193 668 2229 ac
705 2175 873 2230 comoediae
902 2174 1035 2249 originali
1063 2194 1126 2230 eam
1152 2173 1280 2228 attribuit

95 2281 198 2337 statim
234 2281 262 2335 in
297 2280 417 2336 eandem
453 2282 623 2337 sententiam
660 2281 743 2336 nobis
771 2282 893 2337 eundum
922 2295 1007 2336 esset.
1054 2279 1114 2335 Sed
1145 2281 1279 2335 lormulas

96 2387 305 2455 hereditarias,
342 2407 414 2462 quas
443 2407 479 2442 ex
502 2407 598 2462 agone
623 2387 757 2443 Zielinski
781 2389 951 2456 enucleavit,
989 2388 1112 2442 maxima
1136 2406 1172 2442 ex
1195 2401 1279 2462 parte

94 2493 308 2550 arbitrabimur
332 2513 396 2550 esse
421 2494 528 2550 formas
556 2495 594 2549 ab
620 2496 816 2572 Aristophane
840 2497 971 2550 inventas
995 2509 1024 2550 et
1040 2494 1184 2550 identiden
1201 2512 1279 2549 usur-

96 2614 196 2678 patas,
232 2613 263 2656 ut
297 2621 386 2678 saepe
420 2601 452 2656 fit
480 2602 506 2656 in
531 2616 681 2677 poetarum
706 2617 734 2658 et
757 2602 896 2658 artificum
920 2601 1067 2678 operibus.
1114 2601 1160 2657 De
1183 2600 1278 2656 exodo

96 2727 183 2776 ver0,
219 2726 295 2783 quae
330 2708 379 2762 tali
410 2707 501 2763 forma
538 2722 627 2778 caret,
666 2710 739 2765 haec
768 2709 821 2764 erit
844 2722 943 2765 nostra
968 2709 1158 2764 ratiocinatio.
1206 2707 1277 2762 Cum

95 2815 256 2892 parabasis
280 2814 348 2869 nihil
373 2815 491 2886 habeat,
517 2815 594 2889 quod
619 2815 727 2890 epilogi
744 2816 890 2892 proprium
908 2816 953 2886 sit,
980 2835 1015 2871 ea
1032 2817 1125 2892 potius
1142 2815 1278 2870 choricae

92 2921 272 2979 comoediae
306 2941 376 2998 pars
411 2923 583 2996 gravissima
618 2923 663 2992 sit,
701 2936 787 2997 atque
823 2943 886 2978 cum
921 2943 958 2978 ex
992 2942 1086 2978 rerum
1117 2935 1218 2977 natura
1242 2923 1279 2976 sit

96 3031 232 3100 eborum,
257 3029 306 3104 qui
330 3042 512 3105 spectatores
537 3029 720 3085 vellicaturus
745 3031 912 3099 intraverat,
943 3049 1007 3084 cum
1031 3030 1127 3103 aliquo
1151 3029 1277 3084 carmine

95 3137 200 3194 colore
224 3135 366 3208 Dionysio
401 3136 491 3191 tincto
526 3149 555 3191 et
590 3135 712 3192 sortasse
748 3137 902 3212 antiquitus
936 3136 1042 3191 tradito
1074 3169 1111 3176 —
1143 3155 1177 3190 ea
1207 3154 1275 3190 vera

93 3242 224 3313 κωμῳδία
251 3275 289 3283 -
320 3262 356 3298 ex
384 3261 522 3298 consessu
549 3262 582 3298 se
610 3245 755 3319 recipere,
792 3263 849 3318 ego
878 3243 906 3298 id
934 3243 1019 3299 exodi
1043 3241 1277 3318 Aristophaneae

96 3368 193 3426 genus
220 3350 363 3425 antiquius
392 3350 505 3420 ducam,
542 3370 600 3425 quo
631 3351 737 3407 chorus
761 3351 913 3406 saltatione
936 3369 968 3406 se
992 3349 1118 3420 abdicat,
1154 3349 1205 3404 sed
1230 3368 1277 3405 ex-

94 3471 213 3514 euntem
237 3447 303 3512 aese
328 3459 455 3512 carmina
472 3458 624 3534 popularia
642 3471 821 3514 cantaturum
837 3476 902 3513 esse
919 3458 1066 3533 promittit,
1091 3456 1170 3531 quod
1185 3475 1276 3530 genus

95 3576 196 3620 exstat
230 3565 258 3618 in
283 3563 529 3634 Acharnensibus,
567 3564 690 3621 sortasse
718 3567 746 3620 in
769 3563 920 3638 Equitibus
948 3584 1033 3638 quam
1063 3564 1188 3619 mutilam
1212 3582 1276 3619 esse

94 3669 281 3727 comoediam
305 3672 379 3726 inter
402 3671 533 3727 homines
557 3672 660 3729 doctos
681 3672 815 3728 convenit
826 3671 846 3746 1)
870 3673 896 3726 in
913 3669 1052 3740 Nubibus,
1078 3671 1132 3726 etsi
1148 3671 1276 3725 carmina

94 3794 157 3833 non
188 3776 284 3834 verbis
320 3779 465 3853 expressis
494 3781 705 3854 promittuntur,
742 3781 770 3833 in
795 3778 1115 3854 ThesmophoriazusiS,
1153 3777 1276 3834 fortasse

97 3885 129 3941 in
151 3884 250 3955 Ranis,
287 3886 315 3940 in
342 3885 435 3941 Pluto.
489 3887 617 3941 Alterum
647 3906 747 3961 genuS,
785 3885 863 3960 quod
891 3886 965 3941 idem
994 3885 1071 3940 baud
1100 3885 1138 3940 ita
1167 3885 1276 3940 recenti

174 4110 194 4177 ¹)
213 4115 244 4164 cl.
265 4117 294 4163 A.
309 4115 447 4173 Kirchhoff,
469 4116 573 4164 Hermes
592 4116 654 4174 Xlll,
675 4132 699 4178 p.
715 4117 765 4164 294
785 4116 844 4164 adn.
862 4117 883 4164 l.
