2910 4492
73 589 288 656 descenderunt,
315 589 390 660 quia,
410 588 436 641 icl
454 587 530 660 quod
549 591 607 642 lere
625 606 873 662 supervacaneum
890 600 933 641 est
956 587 1062 654 dicere,
1088 605 1141 661 per
1158 597 1250 640 totam

73 695 248 750 comoediam
274 695 415 749 hominem
440 695 467 748 in
492 708 576 768 tergo
600 707 719 769 portare
743 693 935 749 adulescentis
960 692 1068 748 viribus
1086 694 1175 748 maius
1192 704 1246 761 est,

73 804 119 859 sed
144 823 209 857 num
234 821 270 858 ex
294 821 381 858 scena
408 802 581 858 recesserint
604 803 669 874 equi
694 802 852 877 personati,
879 801 906 855 in
930 800 1018 856 (lubio
1042 800 1182 872 relinquo,

158 910 220 965 Etsi
255 909 433 985 respondere
469 910 495 964 ei
523 910 684 982 quaestioni
714 928 758 963 me
782 909 899 981 nequire
925 908 1026 976 fateor,
1063 926 1120 980 quo
1144 906 1247 962 ordine

74 1017 182 1093 disponi
217 1017 362 1092 potuerint
397 1018 424 1071 in
459 1016 577 1090 singulis
613 1016 695 1071 chori
731 1015 864 1085 motibuS,
901 1029 992 1070 utrum
1023 1016 1087 1088 equi
1116 1014 1247 1083 alterum,

74 1125 180 1197 equites
215 1124 335 1179 alterum
371 1143 460 1178 cornu
496 1124 646 1188 tenuerint,
683 1142 720 1176 an
749 1123 881 1198 permixti
910 1123 1021 1194 utrique
1045 1134 1144 1197 partes
1168 1121 1250 1176 susti·
1314 1175 1316 1178 ,

75 1232 192 1295 nuerint,
219 1245 313 1285 tamen
339 1249 374 1286 ex
399 1249 445 1284 vv.
475 1248 530 1302 271
561 1249 604 1302 sq.

320 1337 375 1390 ἀλλ’
397 1339 442 1389 ἐὰν
463 1341 541 1410 ταύτῃ
560 1359 586 1407 γι
606 1341 672 1404 νικᾷ,
696 1345 784 1409 ταυτῃὶ
803 1337 967 1402 πεπλήξεται,

322 1445 351 1511 ἣν
371 1445 533 1517 (Υἱπεκκλίνῃ
553 1467 580 1513 γε
600 1444 676 1513 δουρὶ,
699 1449 726 1498 το
746 1445 833 1502 σκέλος
852 1449 997 1514 κυρηβάσει,

76 1553 187 1608 elucere
212 1552 280 1606 mihi
305 1552 418 1607 videtur
442 1552 468 1606 in
493 1566 615 1625 utroque
640 1553 818 1608 hemichorio
844 1552 899 1606 hoc
925 1552 989 1607 loco
1005 1551 1131 1606 adfuisse
1147 1569 1251 1622 equos,

78 1659 110 1714 ita
138 1674 168 1714 ut
197 1660 251 1714 tria
281 1659 438 1732 distinguat
467 1673 567 1734 poeta:
605 1672 653 1714 aut
677 1659 865 1734 aggredietur
889 1659 978 1714 Cleon
1003 1659 1124 1713 alterum
1149 1676 1248 1725 cornu,

78 1780 120 1822 aut
154 1767 343 1841 aggredietur
372 1766 492 1822 alterum
521 1800 557 1807 -
584 1768 708 1839 equitum
739 1785 839 1822 manus
869 1785 932 1821 eum
958 1766 1100 1839 attingent
1126 1797 1163 1804 κ
1190 1777 1247 1834 aut,

79 1872 101 1927 id
124 1873 201 1946 quod
226 1873 311 1929 tertio
335 1873 400 1927 loco
417 1885 517 1942 restat,
541 1874 687 1927 ὑπικκλίνει
712 1873 823 1948 fugiens
840 1873 866 1927 in
884 1885 1009 1946 tergum:
1036 1885 1094 1926 tum
1111 1890 1249 1944 equorum

78 1979 194 2054 pedibus
230 1980 390 2047 vexabitur,
426 1983 454 2033 τὸ
474 1981 561 2037 σκέλος
579 1984 716 2051 κυρηβάσει
729 1979 758 2057 1),
812 1982 841 2034 ln
877 1979 1015 2055 parabasi
1051 1997 1107 2033 non
1136 1979 1253 2034 invenio¹

78 2088 141 2143 satis
177 2101 258 2143 certa
294 2088 407 2157 indicia,
444 2107 480 2143 ex
509 2087 612 2161 quibus
641 2087 821 2156 concludam,
859 2106 915 2159 quo
940 2087 1041 2141 ordine
1065 2086 1171 2141 chorus
1196 2086 1250 2140 dis-

79 2196 182 2268 positus
206 2194 298 2250 fuerit.
348 2195 384 2249 Et
408 2195 573 2270 epirrhema
597 2208 626 2250 et
649 2195 866 2270 antepirrhema
888 2194 915 2248 in
931 2207 1053 2266 utroque
1071 2193 1254 2249 hemichorio-

80 2302 184 2374 equites
214 2301 340 2357 adfuisse
368 2321 420 2357 suo
449 2316 620 2376 argumento
648 2302 780 2357 videntur
809 2300 946 2377 probare.
995 2301 1060 2368 Qua
1090 2301 1126 2356 (le
1155 2319 1186 2354 re
1210 2314 1250 2354 ut·

80 2425 197 2482 cunque
212 2422 331 2484 statues,
362 2410 389 2463 in
417 2409 530 2484 paredo
562 2409 731 2464 comoediae
760 2409 827 2482 quin
857 2407 957 2464 habitu
980 2407 1079 2482 figuris
1104 2408 1157 2462 illis
1181 2409 1254 2461 anti--

80 2516 216 2587 quissimis
239 2516 323 2571 simili
348 2517 455 2570 chorus
479 2517 639 2582 incesserit,
665 2535 722 2590 ego
746 2536 802 2570 non
828 2515 927 2571 dubito
937 2514 969 2581 ²).

651 2766 678 2801 2.

163 2873 226 2946 Jum
255 2892 326 2927 vero
355 2874 499 2928 mittamus
527 2891 678 2945 quaerere,
708 2872 776 2946 quid
805 2873 841 2927 de
865 2891 896 2927 re
921 2872 1036 2927 scenica
1060 2872 1253 2946 posteriorum

81 2994 200 3035 aetatum
226 2980 350 3035 doceant
375 2993 565 3035 monumenta.
606 2978 709 3048 Smitli,
736 2980 753 3033 l.
772 2999 797 3033 c.
824 3000 852 3054 p.
873 2997 945 3054 309,
971 2979 1141 3035 oenochoen
1163 2979 1252 3033 musei

82 3137 225 3146 .——„,„—
232 3140 290 3144 «Ἀ

149 3242 167 3306 1)
196 3245 306 3294 Verbum
329 3242 389 3306 νικᾷ
415 3261 467 3294 non
490 3247 586 3308 indiget
605 3247 760 3294 correctione
787 3245 915 3306 (Zielinski
935 3245 949 3292 l.
970 3260 991 3292 c.
1017 3260 1040 3306 p.
1064 3245 1113 3292 209
1134 3245 1192 3292 adn.
1218 3243 1249 3307 l).

79 3333 192 3383 Zielinski
212 3349 258 3396 pro
279 3337 356 3384 verbo
376 3333 451 3397 νικᾷν
470 3335 608 3399 suspicans
628 3338 741 3392 verbum,
762 3336 831 3397 quod
851 3333 979 3396 significat
993 3334 1144 3393 „evadere“‚
1164 3333 1251 3381 vertit:

82 3423 204 3485 „Wendet
232 3439 259 3471 er
286 3425 340 3472 sich
365 3425 473 3484 dorthin,
502 3426 526 3472 d.
546 3427 568 3472 h.
594 3425 668 3483 linlc5‚
698 3440 728 3472 so
753 3425 816 3473 wird
841 3440 868 3472 er
887 3426 944 3472 dort
962 3423 1118 3485 geschlagen
1137 3423 1252 3484 werden,

79 3514 178 3562 wendet
206 3528 233 3562 er
256 3514 309 3562 sich
333 3515 438 3576 hierhin,
467 3530 498 3562 so
522 3515 586 3562 wird
609 3529 637 3562 es
661 3515 712 3562 ihm
731 3516 789 3562 libel
810 3513 986 3563 bekommen“.
1025 3513 1074 3560 Sed
1094 3512 1200 3575 propius
1219 3514 1252 3561 ad

79 3617 163 3651 verum
191 3603 303 3662 accedet,
332 3604 375 3666 qui
403 3601 483 3671 ταύτῃ
511 3610 592 3652 vertet
616 3604 703 3663 „dort“
735 3604 749 3652 i.
775 3619 796 3651 e.
821 3603 847 3650 in
871 3603 913 3651 illo
938 3617 1026 3661 cornu,
1051 3603 1091 3650 cui
1115 3602 1253 3664 opponitur

77 3688 168 3757 ταυτῃί
188 3693 269 3754 ,hier“
291 3694 306 3741 i.
328 3709 348 3743 e.
369 3694 393 3741 in
413 3695 492 3742 hocce
511 3709 597 3750 cornu,
618 3709 695 3756 quam
714 3694 756 3757 qui
777 3699 881 3742 secutus
900 3693 952 3741 Z'm
971 3697 1051 3741 vertet
1070 3688 1149 3757 ταύτῃ
1170 3692 1252 3752 „dort-

78 3781 145 3830 hin“.
183 3782 211 3829 ln
235 3783 321 3831 verbis
345 3775 414 3846 δευρὶ
437 3777 597 3829 ὑπεκκλίνειν
616 3783 695 3830 inest:
724 3790 784 3845 post
803 3790 874 3844 terga
893 3784 1071 3831 choreutarum
1090 3783 1204 3830 evadere.

148 3863 169 3936 ²)
198 3871 225 3919 ln
245 3871 388 3934 Metagenis
408 3873 635 3935 Thuriopersarum
664 3873 805 3934 fragmento
826 3874 839 3920 7
861 3868 954 3935 (Kock)
974 3871 1076 3932 legitur:
1105 3868 1143 3920 rie
1160 3867 1257 3933 τρόπος

75 3954 182 4022 innova
196 3955 231 4011 (ἐς
248 3953 270 4008 δ’
272 3954 410 4024 ὀρχοῦνται
422 3957 466 4008 τὸν
479 3958 640 4027 βαρβαρικὸν
653 3959 750 4025 τρόπον
763 3952 845 4023 uiroc,
865 3962 953 4010 Hacne
966 3975 1068 4023 quoque
1081 3961 1106 4008 in
1120 3960 1254 4008 comoedia

76 4050 120 4098 illa
138 4050 285 4112 personatio
304 4051 410 4114 repetitu
429 4067 486 4100 esse
506 4053 595 4114 potuit,
616 4053 651 4100 ita
671 4057 697 4100 ut
715 4051 877 4115 proverbium
895 4048 934 4100 τίς
946 4047 1040 4113 τρόπος
1051 4043 1147 4105 ἵππων,
1168 4051 1199 4097 de
1212 4049 1256 4098 illa

76 4139 259 4200 personatione
278 4140 427 4198 adhibitum,
447 4156 492 4203 per
511 4141 642 4189 ridiculum
663 4141 838 4189 adhiberetur?
