2910 4492
603 365 818 420 „18-

119 545 280 619 quotannis,
306 547 384 602 cirea
409 565 512 601 annum
531 546 592 619 478
611 565 638 602 a.
657 545 739 614 chr„
765 545 813 618 agi
831 557 935 620 coepta
952 557 1005 614 est,
1031 545 1102 600 artis
1117 563 1188 600 suae
1206 547 1300 620 speci-

119 652 194 708 mina
218 653 331 708 iamiam
357 652 481 723 dedisse,
507 672 581 726 quae
606 673 670 708 eum
695 652 721 706 in
746 651 861 707 modum
886 651 913 706 in
937 652 1029 707 lucem
1053 651 1131 707 edita
1155 668 1299 707 essenon

119 759 181 814 sine
204 760 265 815 veri
295 760 394 835 specie
417 761 582 835 suspiceris,
619 772 650 814 ut
673 759 795 833 choregi
818 758 971 813 voluntarii
996 759 1114 814 chorum
1139 758 1300 814 ornandum

119 878 254 922 curarent
264 863 293 940 ¹).
340 867 440 939 Neque
476 867 541 922 illud
578 867 616 922 ab
651 867 728 922 omni
751 864 958 941 probabilitate
986 865 1136 935 abhorret,
1165 865 1245 938 quod
1269 867 1297 920 in

120 973 273 1047 tragoedia
302 973 407 1029 lactum
437 992 501 1029 esse
530 983 619 1048 negat
642 973 825 1028 Oehmichen
849 973 879 1044 (l.
905 991 930 1026 c.
956 992 985 1047 p.
1009 971 1090 1047 161),
1128 973 1300 1028 archontem

120 1079 271 1150 interdum,
296 1099 359 1135 cum
384 1099 415 1136 re
440 1099 509 1136 vera
534 1080 703 1136 comoediae
727 1079 836 1134 maiore
852 1091 996 1154 apparatu
1012 1079 1118 1154 dignae
1133 1079 1301 1155 suppedita-

120 1185 200 1257 bant,
225 1187 345 1242 chorum
370 1188 494 1243 dedisse.
528 1188 612 1256 Quae
636 1199 697 1242 utut
720 1199 793 1256 sunt,
820 1185 985 1242 Aristotelis
1002 1186 1069 1240 illud
1093 1185 1157 1253 ἡδὲ
1175 1184 1301 1255 κωμῳδία

121 1293 165 1346 διὰ
182 1296 212 1347 τὸ
229 1297 267 1362 μὴ
286 1293 483 1357 σπουδάζεσθαι
502 1294 529 1357 ἐξ
548 1295 628 1365 ἀρχῆς
652 1294 750 1347 ἔλαθεν
775 1293 812 1348 ad
843 1306 975 1368 tempora
1004 1293 1128 1348 vasculis
1152 1293 1207 1348 illis
1231 1294 1301 1348 anti-

121 1401 222 1475 quiora
247 1401 429 1456 referendum
453 1402 516 1456 erit.

699 1599 726 1652 3.

213 1722 446 1796 Antiquissimam
470 1723 650 1778 comoediam
668 1722 793 1777 Atticam
818 1721 935 1796 politico
960 1721 1076 1774 tinctam
1099 1720 1185 1775 luisse
1202 1720 1315 1776 colore¹

121 1829 240 1884 vasculo
275 1847 346 1883 mus.
377 1829 471 1884 Berol.
501 1849 548 1885 nu.
579 1827 659 1905 1697
698 1829 791 1885 denuo
826 1829 939 1884 ostendi
974 1828 1148 1903 superfluum
1173 1826 1234 1882 sere
1258 1842 1302 1882 est

123 1954 249 2005 monere,
275 1954 368 2010 neque
393 1937 482 1990 minus
507 1936 627 1992 chorum
651 1936 926 2011 theriomorphicum
951 1936 1078 1989 earmina
1094 1933 1240 2010 probrosa
1256 1953 1302 1989 me

122 2042 215 2098 iudice
251 2056 385 2097 cantasse
408 2061 496 2118 supra
521 2044 650 2118 exposui.
699 2043 764 2110 Qua
793 2061 824 2096 re
849 2061 906 2097 uon
929 2055 982 2110 est,
1018 2042 1097 2115 quod
1121 2039 1302 2097 comoediam

124 2149 307 2223 Magneteam
336 2149 481 2225 politicam
511 2169 567 2205 non
592 2149 678 2205 fuisse
702 2149 826 2205 arbitrer
850 2168 887 2204 ex
910 2150 952 2218 iis,
988 2167 1063 2222 quae
1089 2147 1303 2224 Aristophanes

124 2256 160 2312 de
184 2275 219 2311 ea
243 2257 316 2330 Equ.
344 2274 404 2329 522
423 2277 467 2330 sq.
492 2256 643 2331 significat.
677 2257 761 2326 Quae
785 2277 848 2312 eum
873 2255 971 2311 suisset
991 2255 1118 2330 vulgata,
1144 2255 1197 2311 etsi
1214 2256 1302 2310 tacita

125 2364 269 2420 hominum
293 2363 443 2420 doctorum
468 2365 573 2440 opinio,
603 2378 669 2419 ante
695 2364 771 2418 haud
795 2365 834 2418 ita
850 2361 954 2418 multos
970 2381 1061 2418 anuos
1077 2362 1303 2418 immutationem

124 2483 244 2548 experta
261 2485 305 2526 est
319 2470 379 2525 Th.
397 2470 541 2526 Zielinskii
557 2470 663 2541 libello,
686 2472 734 2544 qui
750 2468 913 2526 inscribitur
934 2469 1007 2524 »Die
1022 2468 1304 2524 Marchenkomodie

125 2578 152 2632 in
176 2574 337 2656 Athen«2).
392 2577 463 2632 Cum
498 2577 536 2632 ad
565 2596 628 2632 eam
661 2578 888 2633 controversiam
917 2575 1105 2631 dirimendam
1133 2574 1245 2649 figurae
1276 2577 1303 2630 in
1349 2592 1351 2595 ’

125 2683 249 2739 vasculis
273 2703 343 2738 mus.
371 2685 435 2740 Ber.
461 2703 509 2739 no.
533 2683 613 2757 1830
639 2698 668 2738 et
692 2702 762 2738 mus.
789 2684 858 2738 Brit.
885 2683 1018 2758 depictae
1042 2683 1143 2737 nullius
1167 2684 1304 2738 momenti

125 2810 182 2846 non
198 2791 262 2861 sint,
280 2793 388 2867 quippe
404 2811 477 2866 quas
495 2791 664 2847 comoediae
682 2786 912 2867 paramythiael)
928 2791 1123 2864 antiquissima
1140 2790 1303 2845 testimonia

126 2912 234 2953 temere
262 2899 325 2971 quis
355 2897 440 2967 dicat,
479 2917 570 2953 meum
600 2900 653 2954 erit
683 2897 757 2952 illam
783 2896 928 2952 Zielinskii
952 2898 1115 2972 opinionem
1140 2898 1303 2952 accuratius

126 3006 300 3074 examinare,
337 3005 364 3058 id
394 3005 481 3078 quod,
519 3007 572 3060 nisi
607 3004 723 3060 uberius
759 3004 794 3060 de
824 3004 872 3058 illo
903 3002 1000 3059 libello
1029 3003 1210 3071 disserendo,
1247 3022 1303 3059 non

128 3125 241 3188 potero,

201 3373 219 3438 ²)
248 3377 393 3438 Philologos
417 3378 537 3439 antiquos
556 3377 699 3425 Aristotelis
725 3379 803 3424 verba
823 3369 878 3421 ἀλλ’
901 3368 1038 3421 ἐθελονταὶ
1057 3364 1124 3434 ἦσαν
1142 3389 1195 3423 non
1214 3389 1302 3424 omnes

128 3482 185 3516 eum
213 3467 238 3514 in
266 3480 371 3514 sensum
399 3466 514 3524 vertisse,
544 3466 618 3528 quasi
647 3465 790 3525 significent
814 3466 949 3512 choreutas
973 3471 997 3512 et
1016 3469 1116 3512 actores
1135 3463 1301 3521 voluntarios,

128 3561 235 3605 testatur
254 3555 411 3618 Hesychius:
436 3548 588 3604 ἐθελοντάς·
613 3549 671 3604 τοὺς
695 3547 864 3616 βουλομένους
882 3546 899 3597 i*
919 3549 1041 3617 χορηγοὶο
1059 3559 1084 3601 et
1102 3553 1252 3602 Eustathius
1270 3553 1302 3601 ad

127 3645 154 3696 ll.
173 3645 197 3693 k.
219 3644 281 3692 227:
311 3636 449 3690 ἐκαλοῦντο
473 3635 501 3690 δὲ
520 3636 658 3691 ἐθελονταὶ
678 3636 831 3690 διδάσκαλοι
850 3635 991 3706 δραμάτων
1010 3635 1121 3702 δηλαδὴ,
1147 3629 1188 3689 ὅτε
1207 3657 1246 3693 τις
1268 3625 1301 3706 pi*

128 3727 217 3797 λαβὼν
236 3729 312 3797 χορὸν
330 3725 396 3795 μηδὲ
414 3729 558 3798 χορηγητῆν
578 3726 649 3793 ἔχων,
670 3727 752 3792 ἑαυτῷ
770 3729 803 3778 τὰ
820 3728 907 3778 πάντα
925 3726 1055 3795 παρεῖχεν,

200 3816 398 3886 ²)Besonderer
417 3823 538 3871 Abdruck
558 3837 606 3870 aus
627 3823 684 3870 dem
704 3821 907 3870 Jahresberiehte
926 3822 970 3868 der
989 3822 1129 3869 deutschen
1143 3821 1253 3870 Schulen
1271 3835 1301 3869 zu

129 3914 164 3961 St.
184 3914 283 3968 Annen‚
304 3911 339 3959 St.
360 3911 512 3973 Petersburg
535 3912 609 3962 1885.

201 3997 221 4056 ⁸l
242 4002 279 4050 De
292 4016 356 4049 voce
369 4001 411 4050 illa
424 4000 470 4049 ci:
490 4001 626 4060 Zielinskii‚
647 4000 819 4064 Quaestiones
833 4000 945 4048 comicae
959 4015 983 4062 p.
999 4000 1032 4049 66
1052 4001 1112 4048 adn.
1126 4000 1143 4046 4
1162 3998 1259 4060 (Jahrb.
1278 3997 1301 4045 d.

130 4093 235 4140 Kaiserl.
256 4106 322 4140 russ.
343 4089 525 4138 Ministeriums
545 4089 585 4138 slir
605 4089 846 4151 Volksaulkliirung
869 4087 942 4138 1886.
963 4089 1026 4137 fasc.
1051 4090 1078 4137 ll
1101 4094 1125 4136 et
1148 4088 1196 4148 12).
