2910 4492
689 385 905 439 *30*

200 543 241 599 de
266 563 353 600 causa
377 545 474 600 sentiri
499 563 555 599 non
580 545 680 620 potuit,
706 564 791 618 quam
815 545 881 619 quia
906 547 933 601 in
950 544 1106 600 comoediis
1123 545 1265 601 Cratineis
1281 559 1385 620 partes

205 651 348 726 quaedam
376 653 497 720 inerant,
534 671 609 725 quae
637 652 739 707 eadem
769 654 948 730 compositae
976 666 1059 707 erant
1086 653 1199 709 ratione
1222 671 1258 708 ac
1281 665 1384 728 partes

206 757 366 814 fabularum
391 758 606 834 Aristophanis
642 777 714 833 quas
749 779 838 836 supra
867 760 1030 816 accuratius
1055 759 1277 833 designavimus.
1327 759 1384 814 Hic

205 877 273 941 apte
298 864 389 922 verba
413 880 590 941 repetantur,
620 865 723 940 quibus
747 867 832 922 Kock
861 886 925 923 eam
953 867 1095 922 rationem
1119 867 1231 942 putavit
1254 865 1309 922 sibi
1333 885 1385 922 no-

206 971 322 1027 tandam
347 991 425 1028 esse:
456 973 529 1028 »Die
553 972 757 1029 schildernrlen
781 972 895 1030 Scenen
920 974 971 1029 des
995 975 1115 1028 zweiten
1139 973 1250 1042 Theits,
1283 972 1330 1028 die
1355 974 1384 1027 in

206 1078 342 1134 infinitum
367 1079 523 1148 vermehrt,
561 1079 723 1154 ebensogut
751 1079 823 1136 aber
852 1081 929 1136 ohne
953 1101 987 1135 zu
1010 1099 1132 1154 grossen
1156 1077 1295 1136 Schaden
1320 1098 1385 1135 ver·
1448 1115 1451 1124 ·

207 1185 328 1241 mindert
357 1187 473 1242 werden
504 1186 662 1242 kdnnten«.
710 1187 832 1243 Platonii
861 1207 931 1244 vero
961 1187 996 1242 de
1026 1201 1090 1242 arte
1114 1187 1223 1242 Cratini
1252 1186 1310 1242 hoc
1338 1201 1385 1242 est

207 1291 351 1348 iudicium:
390 1293 508 1346 διασπῶν
535 1296 580 1350 τὰς
603 1296 741 1351 ὑποθέσεις
766 1295 812 1347 οὐκ
838 1295 991 1350 ἀκολούθως
1018 1294 1116 1364 πληροῖ
1147 1327 1183 1334 -
1214 1293 1324 1349 scillcet
1356 1295 1384 1348 in

206 1399 297 1455 altera
326 1413 409 1476 parte
441 1435 478 1441 —
508 1403 541 1452 τὰ
560 1400 690 1472 δράματα,
740 1402 834 1469 Quam
870 1401 1039 1457 comoediae
1068 1400 1222 1456 Cratineae
1251 1384 1385 1476 proprie-

206 1517 293 1562 tatem
318 1507 432 1562 aliunde
456 1527 512 1562 non
537 1508 724 1582 repetendam
741 1527 807 1563 esse
823 1508 933 1562 censuit
951 1507 1119 1579 Anonymus
1136 1506 1191 1576 ille,
1217 1506 1264 1562 vel
1280 1520 1386 1562 auctor

206 1630 289 1685 quem
315 1613 423 1683 habuit,
450 1615 502 1669 nisi
526 1634 561 1669 ex
586 1615 682 1689 prisco
707 1633 812 1670 scenae
836 1615 963 1669 scurrilis
987 1633 1048 1679 usu,
1073 1633 1148 1688 quae
1172 1626 1240 1669 ante
1255 1626 1384 1670 aetatem

206 1719 315 1775 Cratini
344 1722 372 1775 in
401 1722 498 1776 Attica
534 1721 666 1777 florebat.
715 1721 767 1776 Cui
796 1722 922 1797 opinioni
951 1740 1003 1775 nos
1033 1741 1087 1796 per
1110 1720 1230 1775 aliarum
1254 1721 1383 1795 gentium

206 1829 315 1903 poesim
341 1828 481 1883 comicam
507 1829 608 1883 similia
632 1829 777 1904 persecuti
801 1829 999 1884 assentiemur.

294 1936 355 1990 Nec
380 1935 462 1990 deest
485 1936 576 1991 altera
601 1936 647 1990 vel
671 1936 791 2009 gravior
815 1954 912 2004 causa,
938 1954 974 1990 ex
998 1953 1054 2007 qua
1079 1953 1177 1990 earum
1194 1952 1267 2007 quas
1283 1936 1385 1990 notavi

206 2042 329 2116 partium
354 2043 591 2117 compositionem
617 2041 714 2098 verbis
738 2043 854 2098 ἀτάκτως
873 2041 975 2112 ἐισῆγον
995 2044 1025 2094 τὰ
1044 2045 1171 2112 πρόσωπα
1192 2053 1221 2096 et
1243 2048 1289 2094 καὶ
1310 2039 1386 2098 οὗτος

204 2150 249 2215 τῆς
267 2149 434 2219 ἀρχαιότητος
446 2154 544 2218 μετεῖχε
557 2157 601 2202 καὶ
613 2150 697 2220 ἡρέμα
710 2170 764 2206 πως
777 2152 821 2215 τῆς
834 2149 944 2212 ἀταξίας
962 2148 1119 2223 significari
1135 2162 1214 2223 puto.
1247 2148 1306 2204 Th.
1321 2149 1385 2205 Zic-

207 2255 290 2310 linski
307 2256 334 2310 in
351 2255 425 2311 libro
442 2257 490 2330 qui
506 2271 550 2313 est
567 2257 603 2312 de
620 2257 828 2332 compositione
845 2256 1015 2312 comoediae
1028 2256 1143 2311 Atticae
1156 2255 1291 2330 antiquae
1305 2255 1385 2310 haud

206 2362 302 2438 inepte
326 2383 390 2418 mea
413 2364 528 2438 quidem
553 2365 687 2440 opinione
708 2364 769 2420 fieri
786 2383 842 2419 non
859 2364 987 2439 potuisse
1004 2362 1159 2432 contendit,
1184 2362 1251 2436 quin
1268 2380 1385 2418 comoe-

207 2469 253 2524 dia
279 2470 375 2525 Attica
406 2472 522 2545 antiqua
552 2472 597 2525 cui
621 2490 724 2526 nomen
749 2471 868 2546 imponit
896 2469 1245 2537 »Gedankenkomddier,
1272 2482 1385 2525 certum

205 2589 377 2652 apparatum
402 2578 558 2646 excoleret,
588 2597 645 2651 quo
674 2578 740 2652 quid
770 2578 811 2633 rei
836 2576 970 2652 publicae
993 2577 1060 2632 utile
1084 2589 1200 2652 putaret
1222 2589 1311 2651 poeta
1337 2597 1386 2633 ex—

206 2696 336 2758 poneret.
384 2685 500 2739 Minime
535 2703 606 2739 vero
642 2685 746 2739 adduci
783 2697 884 2759 potero
920 2697 950 2738 ut
984 2703 1108 2758 agonem
1143 2702 1228 2757 quem
1257 2683 1328 2738 dicit
1358 2685 1386 2739 in

206 2791 401 2864 antiquissima
438 2792 588 2847 comoedia
618 2792 665 2846 illo
694 2792 813 2846 consilio
841 2791 983 2846 excultum
1014 2809 1079 2846 esse
1095 2789 1272 2845 concedam.
1322 2792 1387 2848 Nec

206 2898 336 2970 cuiquam
362 2897 496 2953 Zielinski
524 2912 659 2973 quantum
686 2898 771 2954 video
795 2898 947 2973 persuasit,
980 2899 1095 2967 Pacem,
1127 2916 1202 2972 quae
1226 2897 1263 2952 sit
1285 2916 1387 2972 agone

206 3023 308 3073 vacua,
334 3005 492 3060 comoediis
516 3007 592 3060 veris
615 3025 651 3060 ac
675 3006 806 3080 genuinis
830 3023 886 3059 non
907 3023 972 3059 esse
989 3004 1242 3073 adnumerandam,
1270 3003 1388 3061 Achar-

206 3130 309 3166 nenses
341 3131 411 3166 vero
446 3125 475 3167 et
503 3113 825 3188 'l‘liesmophoriazusas
860 3132 917 3187 quo
953 3126 1084 3188 tempore
1119 3110 1157 3168 ab
1183 3111 1388 3187 Aristophane

207 3218 310 3274 doctae
334 3233 408 3288 sunt,
434 3239 529 3294 agone
553 3233 671 3275 ornatas
696 3221 790 3276 luisse.

296 3326 361 3400 Age
397 3346 485 3402 porro
513 3346 695 3401 quaeramus,
733 3346 789 3401 qua
820 3329 932 3383 ratione
957 3329 983 3381 in
1010 3325 1256 3393 AcharnensiliuS,
1293 3326 1387 3399 Pace,

209 3431 329 3502 AvibuS,
354 3433 437 3489 Pluto
461 3435 528 3508 quid
553 3435 595 3489 rei
618 3433 753 3510 publicae
777 3435 869 3509 prosit
893 3435 1070 3510 exponatur?
1110 3434 1245 3488 Nimirum
1271 3432 1389 3491 illarum

205 3559 394 3616 personarum
431 3541 594 3598 inductione
623 3541 650 3595 id
679 3541 740 3595 steri
765 3542 903 3611 videmus,
939 3560 1014 3615 quae
1042 3540 1187 3615 quomodo
1212 3554 1391 3598 moveantur

206 3666 280 3722 pace
296 3648 467 3723 composita,
484 3649 760 3724 Nephelococcygia
777 3648 902 3717 condita,
920 3648 1002 3703 Pluto
1016 3648 1052 3702 ad
1066 3649 1217 3702 sanitatem
1230 3661 1390 3722 revocat0,

207 3773 290 3809 manu
314 3767 455 3829 gestuque
480 3755 701 3811 demonstratur.
739 3756 782 3810 Ea
807 3756 921 3829 quidem
937 3754 1011 3809 ratio
1029 3755 1151 3809 maxime
1168 3753 1282 3823 idonea,
1308 3775 1392 3830 quae

206 3861 336 3916 homines
360 3862 481 3938 simplici
505 3862 600 3917 indole
624 3861 772 3938 praeditos
797 3862 921 3917 delectet
945 3874 973 3916 et
997 3861 1112 3929 doceat,
1137 3861 1185 3934 qui
1208 3879 1266 3916 non
1282 3863 1393 3921 audire

206 3986 314 4022 meram
339 3968 494 4024 verborum
519 3970 767 4045 disceptationem,
793 3970 845 4025 sed
863 3969 955 4042 magis
971 3981 1057 4041 atque
1074 3968 1231 4043 praecipue
1246 3983 1393 4044 spectare
