2910 4492
690 389 904 443 „4,-

205 551 308 607 induci.
349 551 458 622 Quare,
483 552 536 607 etsi
560 550 685 607 inductio
709 551 854 627 Euripidis
878 553 906 606 in
923 551 1153 607 Acharnensium
1177 551 1274 626 priore
1295 566 1382 626 parte

204 660 262 716 tale
286 658 429 714 ἐπεισόδιον
452 658 515 727 erit,
552 671 648 714 tamen
676 658 844 734 plerumque
871 658 963 714 verba
981 658 1041 723 -ἐξω
1063 661 1270 727 vicinabantur
1299 674 1383 715 recte

206 766 449 843 interpretabitur,
486 764 533 839 qui
563 763 638 820 idem
663 765 695 820 iis
719 764 877 840 significari
901 765 1002 822 dixerit
1027 767 1110 821 acsi
1135 766 1275 840 legertur:
1313 782 1383 842 post

204 874 381 950 parabasim.
427 873 484 928 Vix
506 890 578 926 vero
602 891 658 946 ego
683 871 820 942 dubitem,
846 873 913 948 quin
937 875 1100 948 Metagenis
1124 873 1222 928 verbis

363 987 419 1034 κατ’
440 977 585 1033 ἕπεισὸδισν
602 979 822 1050 μιταβὰλλωτὸν
841 980 918 1049 λόγον
937 983 971 1038 ὡς
989 981 1022 1034 ἂν
1040 1054 1042 1059 Ι

363 1090 480 1142 καιναῖσι
497 1089 626 1157 παροψίσι
645 1094 690 1140 καὶ
708 1086 819 1144 πολλαῖς
836 1088 956 1156 εὐωχήσω
974 1091 1004 1141 τὸ
1023 1092 1145 1158 θέατρον,

204 1215 279 1270 quae
314 1215 350 1251 ex
384 1195 523 1270 parabasi
551 1196 641 1272 petita
669 1207 742 1263 sunt,
778 1213 810 1248 se
839 1193 886 1248 illa
915 1193 1027 1249 fabulas
1051 1196 1243 1270 componendi
1266 1197 1382 1252 ratione

201 1303 242 1357 uti
267 1302 357 1375 dicat;
381 1306 438 1356 κατ’
459 1302 601 1357 ἐπεισόδιον
625 1302 642 1355 i.
668 1319 709 1356 e.:
734 1319 770 1356 eo
795 1301 869 1369 locu,
895 1320 952 1374 quo
976 1302 1128 1357 comoedia
1149 1321 1212 1358 mea
1228 1303 1381 1380 episodica

203 1428 268 1465 esse
292 1410 398 1485 incipit,
426 1411 645 1482 μεταβάλλοιτο
665 1411 740 1480 λόγον
766 1408 783 1461 i.
809 1427 850 1464 e.:
887 1420 1086 1482 argumentum
1122 1421 1207 1465 antea
1235 1410 1381 1464 excultum

202 1517 313 1586 omitto,
327 1519 360 1574 ὡς
370 1517 403 1570 ἂν
415 1520 531 1571 καιναῖσι
540 1521 670 1589 παροψίσι
682 1523 727 1570 καὶ
739 1516 849 1572 πολλοῖς
862 1516 915 1578 κτλ,
929 1528 959 1570 ut
971 1516 1068 1570 varias
1080 1534 1221 1591 personas
1234 1516 1380 1572 inducam.

292 1623 323 1679 ld
359 1625 453 1698 igitur,
489 1625 566 1698 quod
591 1624 736 1680 Zielinskii
771 1623 918 1697 diligentia
953 1636 982 1678 et
1017 1623 1148 1679 acumine
1177 1623 1270 1678 denuo
1299 1623 1382 1679 docti

201 1749 307 1801 sumuS,
333 1731 512 1786 comoediam
528 1733 772 1807 Aristophaneam
796 1729 963 1805 plerumque
987 1729 1108 1785 alteram
1124 1742 1237 1805 partem
1253 1729 1382 1806 e'pisodi-

203 1855 267 1891 cam
301 1837 449 1906 exhibere,
488 1839 542 1893 iam
574 1840 665 1894 veteri
693 1840 791 1894 nescio
815 1839 860 1893 cui
883 1837 1073 1911 grammatico
1098 1836 1260 1906 constabat,
1298 1838 1382 1893 cuius

203 1963 239 1999 ex
273 1945 489 2018 quaestionibus
520 1946 586 2000 illud
611 1947 755 2021 glossema
781 1945 864 2000 nobis
887 1944 1026 2016 reliquum
1050 1957 1103 1999 est.
1151 1943 1228 1999 Idem
1253 1943 1381 2000 sortasse

182 2050 420 2124 grammaticuS,
458 2053 621 2108 Aristotelis
656 2053 787 2108 doctrina
822 2053 944 2120 omissa,
981 2069 1037 2105 non
1072 2052 1207 2126 primum,
1244 2050 1379 2121 alterurn,

203 2158 314 2214 tertium
339 2172 468 2215 actorem
493 2180 508 2215 e
533 2161 624 2214 choro
645 2178 831 2235 progressum
848 2177 912 2214 esse
929 2157 1077 2223 censebat,
1102 2157 1154 2213 sed
1171 2157 1380 2214 multitudinem

201 2283 390 2339 personarum
425 2267 583 2323 scurrilium
614 2266 651 2322 ad
680 2281 739 2321 tres
769 2267 918 2322 redactam
942 2284 1006 2335 esse
1031 2283 1066 2320 ex
1090 2263 1182 2319 forma
1207 2265 1381 2322 comoediae

199 2372 356 2428 Cratineae
380 2372 527 2429 effecerat.
576 2375 646 2430 Cum
672 2374 755 2442 idem,
781 2374 805 2428 si
828 2373 895 2448 quid
920 2372 1014 2441 video,
1045 2372 1088 2426 vir
1112 2372 1214 2427 doctus
1238 2390 1274 2426 ex
1297 2372 1381 2428 initio

202 2479 382 2535 comoediam
412 2481 554 2536 humiliter
582 2482 737 2536 iocularem
761 2499 894 2536 sermone
918 2479 1051 2555 prosario
1075 2478 1264 2554 compositam
1290 2479 1382 2536 luisse

202 2587 386 2656 coniecisset,
424 2589 595 2662 compilator
629 2588 730 2662 aliquis
767 2588 793 2641 in
829 2587 881 2642 illis
916 2587 1020 2662 spuriis
1050 2583 1215 2640 Susarionis
1243 2585 1381 2656 versibus

200 2695 303 2746 ἀκούετε
327 2693 389 2749 λεώς
407 2695 461 2756 κτλ,
495 2694 663 2749 comoediae
692 2695 828 2749 metricae
858 2694 962 2748 initium
992 2693 1120 2748 invenire
1147 2691 1202 2747 sibi
1230 2692 1308 2747 visus
1342 2693 1380 2750 de

202 2797 359 2855 Susarione
383 2800 548 2856 adnotavit:
566 2804 618 2868 τῆς
637 2801 762 2872 ἐμμέτρου
781 2800 918 2871 κωμῳδίας
937 2801 1035 2870 ἐγένετο
1055 2800 1171 2871 ἀρχηγός.

290 2907 335 2962 Ac
352 2907 461 2982 optimo
482 2909 541 2964 iure
558 2909 604 2964 ille
620 2921 730 2978 auctor,
756 2909 804 2983 qui
821 2908 857 2964 de
873 2906 1024 2962 comoedia
1040 2905 1142 2961 librum
1160 2920 1378 2980 composuerat,

201 3014 360 3069 doctrinam
385 3014 549 3071 Aristotelis
584 3015 699 3085 abiecit,
737 3016 784 3089 qui
821 3016 865 3070 vir
895 3014 1006 3068 divinus
1036 3014 1062 3068 in
1091 3031 1158 3088 cap.
1183 3011 1219 3067 V.
1248 3010 1315 3067 libri
1341 3014 1380 3070 de

201 3133 263 3175 arte
299 3121 414 3196 poetica
450 3123 629 3178 comoediam
655 3123 780 3179 Atticam
810 3124 848 3177 ita
873 3122 1001 3176 crevisse
1024 3139 1056 3175 se
1079 3118 1216 3175 arbitrari
1238 3121 1378 3193 ostendit,

200 3242 229 3282 ut
264 3228 302 3283 ab
337 3229 427 3304 stirpe
462 3249 515 3304 per
543 3231 707 3304 analogiam
736 3229 906 3304 tragoediae
935 3241 1102 3301 augeretur:
1132 3231 1174 3284 τίς
1192 3225 1220 3280 δὲ
1238 3229 1379 3296 πρόσωπα,

201 3335 297 3409 inquit,
323 3334 460 3399 ἀπέδωκεν,
486 3336 504 3403 ἢ
521 3337 670 3407 προλόγους,
690 3336 709 3403 ἦ
727 3336 819 3403 allas,
839 3338 984 3404 ὑποκριτῶν
1002 3343 1047 3388 καὶ
1059 3329 1109 3388 ὅσα
1122 3335 1229 3387 τοιαῦτα
1240 3333 1379 3403 ἠγνόηται.

200 3443 343 3516 Ipsevero
357 3442 403 3498 ille
416 3444 585 3518 posterioris
594 3444 697 3499 aetatis
705 3457 816 3513 auctor,
831 3462 1002 3517 quamquam
1012 3461 1075 3497 eam
1084 3440 1248 3516 analogiam
1256 3440 1378 3514 abiecit,

200 3563 294 3604 tamen
318 3549 462 3605 scribens:
491 3558 536 3604 καὶ
554 3553 605 3622 γὰρ
628 3549 654 3604 σί
675 3553 778 3623 πρῶτον
801 3551 828 3602 ἐν
845 3551 944 3623 Ἀττικῇ
964 3552 1151 3618 συστησάμενοι
1169 3551 1199 3601 τὸ
1217 3547 1395 3620 ι’πιτι’]δειιμιιΙ

198 3662 242 3728 τῆς
260 3656 397 3728 κωμῳδίας
413 3658 467 3724 κτλ,
496 3677 528 3714 se
555 3679 627 3735 pure
652 3658 776 3714 Atticam
802 3658 908 3712 ducere
932 3657 1112 3712 comoediam
1139 3655 1284 3730 antiquam
1310 3675 1379 3732 pro·

199 3767 301 3825 fitetur.
354 3770 401 3824 Ad
426 3768 535 3822 Dorica
559 3779 653 3821 autem
677 3765 785 3841 oppida
810 3764 878 3819 mihi
902 3765 949 3819 illa
973 3781 1060 3819 scena
1084 3761 1218 3818 iocularis
1238 3776 1377 3837 spectare

198 3876 320 3932 videtur.
352 3879 496 3932 Personas
512 3874 586 3930 enim
603 3873 726 3948 typicas,
749 3871 786 3926 ad
802 3875 875 3945 quas
891 3891 927 3927 ea
943 3871 1017 3926 ratio
1035 3870 1195 3925 dramatica
1211 3867 1377 3926 adhaerere

198 3984 280 4053 solet,
306 3984 383 4059 apud
409 3985 597 4057 Megarenses
622 3981 648 4035 in
672 3999 724 4035 usu
748 3979 843 4046 luisse,
869 3978 1024 4042 Maesonis,
1050 3977 1131 4050 Mylli
1154 3977 1269 4032 nomina
1290 3977 1376 4033 nobis

198 4091 302 4146 tradita
339 4091 459 4161 docent,
496 4089 641 4163 quomodo
677 4088 815 4143 eiusmodi
850 4104 993 4161 personae
1019 4086 1046 4139 in
1070 4085 1126 4139 alia
1150 4083 1259 4160 oppida
1283 4097 1375 4139 trans-
