2910 4492
576 407 791 461 „41-

84 568 195 643 dialogi
226 568 376 625 dramatici
401 567 511 626 habent
535 570 653 646 stirpem
678 590 714 626 ac
738 589 846 640 semen,
879 569 907 624 id
930 570 1079 646 proprium
1103 584 1156 640 est,
1187 571 1265 645 quod

85 675 166 731 initio
188 694 322 732 sermone
345 676 479 752 prosario
504 676 656 752 compositi
679 689 754 732 sunt.
795 676 871 732 Turn
895 694 931 732 eo
954 677 1115 752 procedunt
1138 689 1168 732 ut
1190 696 1266 752 quae

83 781 202 856 agenda
225 781 290 853 sint,
316 802 333 838 a
357 795 446 859 poeta
470 781 672 839 describantur
682 778 713 863 ¹),
743 783 856 858 singula
880 795 975 839 autem
1000 783 1156 854 actoribus,
1182 802 1265 859 prae-

83 889 171 964 cipue
192 889 414 965 protagonistae
438 889 610 946 invenienda
635 902 753 960 restent,
784 889 811 945 id
842 890 920 964 quod
946 890 1080 946 ltalorum
1104 890 1264 947 commedia

84 994 152 1052 dell’
178 1008 241 1052 arte
264 995 360 1053 docet.
393 995 464 1053 Cum
490 996 526 1052 de
550 997 701 1053 comoedia
727 997 824 1052 Attica
849 996 966 1071 antiqua
983 997 1086 1071 agitur,
1112 996 1140 1052 id
1156 1009 1264 1053 tantum

82 1101 281 1176 quaerendum
305 1116 359 1173 est,
385 1122 442 1178 quo
467 1115 598 1179 tempore
622 1123 640 1158 a
663 1121 797 1159 sermone
821 1104 955 1179 prosario
979 1117 1107 1159 actorum
1133 1103 1265 1179 dialogus

82 1207 124 1264 ad
148 1208 215 1265 illud
238 1212 334 1281 μέτρον
352 1207 585 1264 διαλεκτικώτατον
615 1229 788 1285 progressus
812 1211 857 1279 sit,
884 1210 928 1265 cui
945 1211 1104 1284 ‹purtestioni
1121 1229 1264 1284 nunquam
1334 1266 1338 1273 ,

84 1316 259 1391 responderi
282 1317 398 1394 poterit.

176 1422 260 1492 Quae
283 1424 307 1479 si
330 1436 411 1480 tenes
435 1444 470 1480 ac
494 1424 518 1480 si
542 1426 721 1480 cantationes
750 1437 779 1479 et
801 1424 971 1480 saltationes
1000 1424 1083 1480 chori
1106 1425 1265 1499 antiquissi-

80 1549 157 1600 mae,
182 1529 357 1606 parabasim,
383 1529 551 1608 parabasim
575 1531 706 1601 alteram,
731 1532 848 1587 stasima
873 1531 1014 1607 scoptica,
1040 1531 1163 1587 exodum
1188 1531 1264 1587 deni-

81 1656 143 1711 que
159 1637 245 1694 sumis
260 1657 325 1694 esse
341 1651 487 1712 tamquam
504 1651 603 1714 partes
619 1639 760 1714 poematis
777 1638 897 1708 chorici,
923 1651 953 1693 ut
968 1637 1149 1694 Germanicis
1166 1636 1264 1694 verbis

80 1756 166 1811 utar,
205 1743 398 1801 »Abschnitte
433 1746 511 1801 eines
546 1745 767 1821 Tanzpoems‚u
813 1745 895 1800 illae
933 1757 1055 1821 partes
1090 1744 1264 1800 scurriles

79 1863 271 1927 praestant
295 1852 487 1908 interludia
519 1853 609 1907 inter·
638 1852 737 1907 chori
769 1851 870 1907 ludos
899 1853 1111 1928 interposita
1142 1871 1206 1907 eam
1236 1864 1264 1906 ut

80 1955 197 2014 habeas
219 1960 369 2028 rationem,
394 1978 480 2034 quam
504 1977 592 2034 supra
617 1961 644 2014 in
668 1959 787 2014 aliarum
811 1959 938 2033 gentium
962 1961 1044 2035 poesi
1068 1960 1179 2014 comica
1196 1977 1263 2014 con·

80 2064 214 2140 templati
238 2084 343 2121 sumus.
390 2063 597 2122 Parabases
633 2066 744 2141 igitur
771 2080 805 2122 et
832 2067 979 2121 stasirna
1007 2066 1174 2141 scoptica
1197 2084 1263 2120 non

79 2185 167 2227 sunt
190 2171 429 2247 interludia‚²)
453 2173 514 2228 scd
537 2186 696 2229 actorum
721 2187 776 2228 est
799 2174 958 2228 actiones
983 2173 1084 2228 chori
1100 2173 1264 2246 Dionysii

79 2277 161 2334 suis
199 2279 403 2336 interludiis
449 2281 706 2356 interrumpere
746 2299 784 2335 ac
823 2280 1028 2335 comoediae
1067 2280 1263 2354 originalis

80 2385 240 2460 vestigia
263 2405 328 2441 non
352 2400 432 2443 ante
456 2386 677 2463 parabasim,
703 2387 766 2443 sed
791 2387 874 2442 inde
897 2407 914 2441 a
940 2385 1132 2462 parabasis
1157 2387 1263 2440 initio

80 2492 289 2551 comoediae
314 2494 607 2571 Aristophaneae
632 2495 806 2570 impressa
829 2507 917 2550 sunt.

176 2599 259 2668 Quae
295 2620 357 2656 curn
386 2603 571 2678 opposuerim
601 2603 744 2658 Zielinskii
773 2602 909 2677 opinioni,
947 2601 1018 2656 redii
1046 2601 1084 2656 ad
1108 2620 1170 2655 eam
1197 2601 1263 2655 iina-

82 2724 102 2729 ..-.
106 2722 300 2730 ω--ψ-

159 2769 178 2838 ¹)
197 2775 313 2838 Magnae,
342 2778 389 2826 etsi
418 2778 527 2826 docendi
546 2793 626 2826 causa
645 2778 793 2826 comoedias
812 2778 969 2841 perscripsit,
997 2783 1083 2826 tamen
1102 2777 1178 2825 credo
1198 2791 1262 2825 nun·

80 2879 162 2928 quam
180 2865 250 2914 libris
270 2867 405 2914 mandatas
424 2867 450 2915 in
469 2868 550 2916 lucem
571 2868 657 2916 edidit.
689 2867 875 2916 Grammaticos
897 2868 999 2930 spurias
1019 2872 1116 2915 tanturn
1136 2858 1263 2928 quasdam

81 2953 187 3003 fabulas
206 2955 325 3003 manibus
343 2956 457 3004 tenuisse
477 2962 585 3005 testatur
603 2958 756 3020 Anonymus
776 2956 806 3004 Ill
827 2953 975 3021 (Duebnerl.
1002 2955 1164 3019 Quinetiam
1184 2956 1262 3002 verba

81 3027 263 3105 Aristophanis
284 3043 346 3106 Equ.
367 3045 415 3094 521
437 3035 464 3094 ὃς
481 3038 591 3092 πλεῖστα
610 3041 694 3110 χορῶν
711 3040 763 3108 τῶν
782 3037 932 3092 ἀντιπάλων
950 3041 1022 3106 νίκης
1044 3038 1132 3106 ἔστησε
1149 3040 1263 3107 τροπαῖοι

83 3131 146 3180 mihi
164 3146 217 3181 non
235 3147 303 3182 mera
322 3133 478 3196 periphrasis
498 3135 616 3183 videntur
636 3149 701 3193 esse,
724 3135 771 3182 sed
791 3148 822 3182 ex
835 3133 866 3181 iis
880 3134 997 3196 colligere
1010 3135 1093 3183 audeo
1107 3133 1181 3182 etiam
1196 3133 1262 3182 circa

84 3234 181 3269 annum
199 3221 252 3270 424
271 3237 294 3270 a.
308 3221 366 3271 Chr.
396 3222 456 3270 nihil
481 3223 529 3271 nisi
553 3228 718 3272 monumenta
741 3223 876 3284 choregica
895 3224 928 3270 ad
947 3223 1092 3285 Magnetem
1112 3223 1263 3285 pertinentia

84 3310 184 3373 reliqua
202 3310 289 3359 luisse.
321 3311 510 3374 Philologorum
530 3317 555 3360 et
574 3312 736 3375 antiquorum
756 3316 781 3361 et
799 3312 965 3360 recentiorum
985 3327 1053 3360 error
1066 3312 1189 3374 originem
1203 3313 1262 3360 mihi

85 3399 187 3448 videtur
204 3400 314 3449 traxisse
334 3402 367 3449 ab
388 3415 426 3460 e0,
446 3402 516 3463 quod
536 3402 641 3450 Aristot.
660 3401 729 3452 Poet.
753 3402 842 3451 1449a
862 3400 903 3460 37,
928 3400 1024 3450 minore
1047 3402 1182 3450 verborum
1201 3403 1261 3451 sub·

83 3488 174 3538 tilitate
201 3503 266 3538 usus
295 3491 368 3539 dicit:
391 3482 460 3550 Ἤδη
490 3483 517 3537 δὲ
546 3486 666 3553 οχνῖματά
688 3505 748 3537 τινα
767 3484 846 3551 αὐτῆς
865 3483 970 3551 ἐχούσης
988 3481 1015 3537 οἱ
1031 3483 1164 3554 λεγόμενοι
1184 3484 1263 3551 αὐτῆς

83 3578 192 3638 πονητοιὶ
208 3576 423 3642 μνημονεύονται,
453 3594 483 3628 ex
512 3580 607 3642 quibus
635 3581 720 3629 verbis
749 3580 821 3629 facile
852 3579 985 3642 colligeres
1013 3595 1069 3629 eum
1090 3581 1217 3642 Magnetis
1238 3587 1262 3628 et

83 3666 217 3716 Chionidis
245 3669 392 3718 comoedias
421 3669 539 3718 manibus
569 3670 691 3718 tenuisse.
728 3669 865 3732 Nunquam
890 3683 947 3717 euin
966 3668 1008 3716 illa
1029 3665 1149 3730 σχνῖματα
1168 3670 1261 3730 legisse

82 3770 167 3818 neque
185 3756 211 3805 id
231 3757 313 3807 dicere
332 3758 446 3807 voluisse
467 3758 516 3807 illis
535 3758 621 3807 verbis
641 3759 700 3807 mihi
720 3763 760 3807 est
778 3772 939 3821 persuasum.

155 3837 177 3909 ²)
195 3847 279 3909 Agthe
298 3847 324 3895 in
343 3847 435 3906 libello,
463 3847 507 3910 qui
527 3847 673 3897 inscribitur
701 3847 764 3907 „Die
782 3847 912 3896 Parabase
935 3849 989 3895 und
1008 3847 1049 3895 die
1068 3846 1261 3895 Zwischcnakte

82 3936 129 3984 der
156 3935 328 3984 alt-attischen
356 3936 499 3984 Komodie“
528 3937 664 3999 praecipue
693 3952 749 3985 earn
778 3935 895 3985 adhibuit
919 3941 944 3985 et
967 3938 1075 4000 probare
1095 3943 1204 3984 conatus
1223 3942 1262 3984 est

82 4023 288 4088 appellationem,
308 4040 374 4087 quae
393 4025 530 4087 repetenda
552 4025 650 4075 videtur
663 4041 721 4075 esse
734 4041 750 4074 a
763 4024 871 4073 Platonii
884 4025 1038 4088 definitione,
1059 4025 1101 4087 qui
1114 4025 1261 4087 parabasim

81 4113 212 4175 interponi
231 4114 292 4162 dicit
311 4109 345 4164 ὡς
363 4107 396 4160 ἂν
414 4108 451 4176 μὴ
470 4109 500 4160 τὸ
517 4111 634 4179 θέατρον
652 4106 668 4181 ᾖ
687 4110 762 4161 κενὸν
780 4114 825 4160 καὶ
844 4107 857 4158 ὃ
877 4106 959 4176 δῆμος
978 4107 1055 4178 ἀργὸς
1073 4109 1226 4172 καθέζηται.
