2910 4492
147 558 306 618 hendamus.
356 564 400 619 An
425 576 505 619 recte
529 563 582 619 illis
607 562 764 625 comoediis
787 563 1011 639 appellationem
1036 564 1168 640 imposuit
1193 561 1312 618 »Schla-

145 665 419 726 raffenkomddienu?
451 671 533 734 Vide,
549 670 617 746 quid
641 670 685 725 vir
709 670 812 725 doctus
834 669 998 744 significare
1022 670 1089 726 velit
1113 689 1149 725 eo
1167 669 1311 725 vocabulo

142 767 179 850 (p.
206 777 272 849 aol:
313 775 372 834 »So
397 779 445 853 lag
469 797 501 834 es
526 777 600 833 denn
625 777 732 844 nabet,
770 777 867 851 inquit,
908 776 1025 832 »diesen
1048 777 1158 832 Traum
1182 777 1225 832 als
1248 795 1311 833 ver·

145 882 282 938 wirklicht
305 883 340 960 (l)
368 885 420 941 auf
445 885 490 941 die
519 884 620 940 Bithne
648 903 682 939 zu
710 882 864 957 bringen«.
914 883 952 938 At
980 884 1089 960 inspice
1116 884 1309 940 Athenaeum:

141 985 165 1039 σί
184 987 210 1042 δὲ
237 991 280 1057 τῆς
303 991 414 1061 ἀρχαίας
438 990 575 1061 κωμῳδίας
597 997 704 1057 ποιηταὶ
723 997 781 1060 περὶ
801 992 844 1043 τοῦ
863 990 971 1058 ἀρχαίου
990 993 1047 1059 βίου
1067 990 1250 1060 διαλεγόμενοι,
1272 984 1311 1042 ‘dre

141 1094 182 1148 οίκ
198 1091 231 1162 ἦν
248 1099 305 1151 τότε
325 1096 424 1152 δουλων
443 1103 522 1168 χρεία,
542 1097 630 1152 τοιάδε
650 1097 798 1151 ἐκτίθενται
817 1096 870 1149 κτλ.
903 1097 980 1165 Quid
1005 1099 1091 1153 vero?
1129 1096 1312 1166 Διαλεγόμενοι

143 1202 228 1259 verbo
251 1205 430 1279 significatur
453 1205 521 1260 nihil
545 1206 597 1260 nisi
623 1206 695 1280 ipso,
721 1205 768 1278 qui
794 1203 831 1258 ad
855 1219 955 1281 partes
971 1219 1101 1274 vocatur,
1127 1204 1192 1259 loco
1208 1217 1311 1280 poetas

142 1296 264 1384 singulos
300 1311 376 1368 illam
407 1312 570 1368 felicitatem
601 1310 804 1386 descripsisse,
842 1311 868 1366 id
897 1311 974 1386 quod
1002 1311 1187 1368 confirmatur
1215 1309 1312 1366 verbis

144 1414 281 1473 Athenaei
316 1418 388 1474 infra
424 1419 609 1494 sequentibus
648 1418 709 1475 286
727 1419 770 1474 d:
819 1420 869 1488 ἐγὼ
893 1418 920 1471 δὲ
943 1418 1030 1485 ἐπειδὴ
1054 1415 1139 1489 ὥσπερ
1162 1415 1313 1486 λαμπάδιον

141 1527 338 1582 κατασείσαντος
356 1528 400 1579 τοῦ
418 1529 641 1596 θαυμασιωτάτου
654 1531 787 1597 Κρατίνου
806 1528 843 1578 τὰ
860 1529 1057 1596 προκείμενα
1077 1526 1133 1592 ἔπη
1152 1532 1196 1577 καὶ
1214 1522 1240 1576 σί
1256 1528 1311 1592 μετ’

140 1629 213 1683 αὐτὸν
236 1634 368 1700 γενόμενοι
391 1637 570 1703 μιμησάμενοι
594 1633 808 1704 ἐπεξειργάσαντο
829 1633 883 1685 κτλ·
930 1633 974 1688 Ea
1010 1635 1072 1708 ipsa
1108 1633 1200 1707 igitur,
1237 1649 1311 1704 quae

141 1735 340 1793 adscribuntur
375 1740 476 1808 rerba,
513 1740 550 1795 illi
575 1741 651 1795 vitae
676 1739 878 1815 depingendae
908 1740 1004 1795 dedita
1033 1754 1124 1807 erant,
1162 1739 1214 1793 etsi
1238 1737 1309 1805 aliis,

140 1858 221 1914 quam
246 1845 289 1914 iis,
315 1866 388 1920 quos
412 1847 566 1923 adscripsit
592 1847 770 1915 AthenaeuS,
801 1846 871 1901 locis
902 1847 1000 1902 nescio
1024 1867 1081 1921 quo
1105 1845 1224 1901 consilio
1247 1863 1311 1899 eam

142 1964 241 2022 poetae
265 1953 411 2027 tetigerint
434 1954 483 2025 (cf.
509 1954 617 2009 Cratini
642 1954 676 2008 fr.
699 1951 768 2023 164.
795 1952 902 2028 Kock).
950 1952 1103 2009 Zielinskio
1127 1971 1198 2007 vero
1222 1972 1250 2026 p.
1271 1970 1304 2024 3¹
1359 1939 1361 1943 ¹

143 2055 175 2111 de
196 2057 294 2114 Persis
318 2060 503 2116 Pherecratis
527 2061 645 2116 dicenti:
687 2060 791 2116 »Doch
821 2059 856 2114 ist
886 2060 932 2116 die
955 2057 1093 2116 Scenerie
1122 2059 1183 2114 hier
1206 2058 1312 2113 anders

140 2163 180 2218 als
203 2166 230 2220 in
255 2165 311 2222 den
336 2165 470 2223 fruheren
488 2167 650 2223 Komddien
675 2166 829 2223 (lerselben
846 2167 1001 2241 Richtung,
1027 2167 1080 2222 das
1099 2165 1224 2242 goldene
1240 2165 1312 2220 Zeit-

84 2343 86 2351 .
141 2270 210 2327 alter
246 2273 318 2328 wird
353 2289 413 2330 erst
436 2275 479 2329 als
503 2273 719 2330 bevorstehend
744 2274 953 2348 geschildertu,
991 2275 1066 2342 item,
1103 2273 1247 2340 obiiciam,
1285 2272 1312 2326 in

140 2379 254 2434 ceteris:
292 2399 409 2436 auream
446 2395 571 2437 aetatem
607 2397 656 2437 aut
690 2383 876 2457 praeteritam
912 2393 1017 2457 poetae
1047 2381 1227 2456 praedicant,
1264 2391 1313 2432 aut

141 2483 259 2542 futuram
276 2487 379 2544 rident.
405 2489 450 2544 De
467 2490 632 2564 praeteritis
644 2488 822 2564 temporibus
836 2488 959 2562 loquitur
971 2487 1105 2542 Cratinus
1118 2486 1220 2561 fragm.
1241 2486 1277 2539 16
1283 2503 1310 2558 5,

140 2592 165 2646 T
167 2593 301 2650 eleclides
330 2595 432 2670 fragm.
464 2615 489 2665 1,
519 2595 711 2650 Pherecrates
742 2594 843 2669 fragm.
875 2594 948 2660 108;
986 2594 1022 2655 de
1058 2592 1236 2669 temporibus
1274 2592 1312 2647 fu-

140 2701 206 2756 turis
235 2702 359 2776 loquitur
385 2703 578 2757 Pherecrates
603 2703 705 2777 fragm.
729 2719 798 2776 130,
828 2701 982 2778 Nicophon
1006 2700 1108 2776 fragm.
1132 2720 1178 2774 13,
1209 2700 1312 2755 Crates

141 2810 238 2883 lragm.
281 2825 328 2879 14.
388 2809 480 2864 Unum
516 2823 606 2864 restat
640 2809 669 2863 T
671 2809 904 2883 huriopersarum
941 2809 1103 2882 Metagenis
1138 2809 1240 2881 fragm.
1279 2806 1308 2861 6.

139 2912 295 2990 Quousque
311 2935 347 2973 eo
364 2917 527 2990 fragmento
543 2935 600 2983 res,
624 2935 698 2989 quae
714 2914 776 2970 fleri
793 2934 912 2991 prorsus
928 2934 984 2971 non
1000 2928 1130 2991 possunt,
1148 2915 1312 2989 descriptae

138 3021 191 3075 sint
214 3022 346 3097 equidem
370 3024 479 3078 nescio,
513 3022 613 3091 Quare
637 3021 814 3078 subtiliorem
837 3041 923 3096 quam
940 3023 1162 3078 comminiscitur
1178 3021 1312 3077 Zielinski

137 3126 345 3185 distinctionem
362 3130 586 3199 comoediarum,
611 3149 684 3204 quas
701 3129 769 3184 dicit
788 3126 1166 3184 »Schlaraffenkombdien«
1186 3127 1227 3203 (p.
1244 3126 1311 3199 67f.

139 3235 204 3290 adn.
225 3231 299 3317 27.),
324 3239 405 3311 sequi
429 3256 552 3312 nequeo.

225 3344 359 3414 Causam,
395 3365 481 3419 quam
512 3343 550 3399 ad
574 3344 848 3417 redintegrationem
872 3361 952 3398 suam
978 3343 1139 3418 Caprarum
1163 3341 1313 3417 Eupolidis

135 3451 317 3523 probandam
335 3451 469 3507 Zielinski
493 3451 613 3527 profert,
640 3451 676 3506 de
697 3450 846 3526 Eupolidis
870 3449 973 3524 fragm.
998 3467 1033 3503 10
1055 3448 1201 3504 scribens:
1232 3450 1313 3503 »Nun

137 3573 275 3632 vergesse
292 3578 358 3614 man
374 3558 462 3629 nicht,
489 3558 557 3613 dass
574 3558 620 3613 die
637 3558 743 3632 Ziegen
761 3558 812 3614 des
829 3557 924 3613 Chors
940 3556 1003 3612 sich
1019 3555 1071 3610 auf
1083 3555 1135 3612 der
1151 3555 1312 3611 Orchestra

137 3665 289 3736 belanden,
314 3666 356 3721 sie
380 3665 495 3721 kdnnen
519 3666 582 3720 also
602 3665 681 3719 nicht
697 3666 824 3739 gemeint
839 3666 931 3734 scinu,
958 3683 1021 3719 eam
1039 3677 1105 3738 post
1121 3662 1313 3739 Doerpfeldtii

136 3773 247 3828 litteras
283 3772 321 3827 ad
357 3772 424 3826 Alb.
458 3771 626 3828 Muellerum
663 3772 746 3826 datas
781 3769 1081 3848 (Bdhnenaltertt'imer
1115 3791 1144 3846 p.
1174 3771 1250 3844 415)
1284 3785 1313 3825 et

137 3877 348 3935 Wilamowitzii
384 3878 614 3936 dissertationem
649 3878 760 3950 (Herm.
797 3879 881 3947 XXI,
917 3898 946 3954 p.
978 3879 1052 3951 597)
1083 3878 1215 3933 omittere
1246 3877 1312 3932 mihi

136 3985 230 4042 liceat.

224 4093 401 4150 Comoediae
430 4094 631 4169 paramythiae
660 4094 733 4148 inter
757 4105 871 4148 ceteros
895 4111 979 4147 unum
999 4092 1157 4166 praecipue
1181 4089 1314 4163 designat
