2910 4492
560 439 687 493 ..13
739 453 776 460 ...

77 618 144 655 vero
169 601 248 653 iuvat
271 598 371 654 oculos
395 616 492 652 rursus
516 598 652 653 adiicere.
686 599 716 652 ln
738 598 880 673 amphora
898 617 968 653 mus.
987 599 1081 654 Berol.
1100 618 1146 654 no.
1171 597 1257 674 1697‘

76 706 162 762 facies
186 706 312 779 equitum
336 718 416 762 certe
439 717 504 760 sunt
527 705 630 774 nudae,
656 723 713 778 qua
735 704 771 760 de
789 724 877 760 causa
894 705 1038 775 Panofka,
1065 706 1082 761 l.
1100 725 1125 766 c.
1151 727 1180 781 p.
1200 722 1250 777 24,

76 814 188 890 etipse
211 830 354 888 personas
377 811 483 868 abesse
506 810 664 867 arbitratus
689 812 800 868 hancce
824 812 935 888 profert
958 813 1135 888 opinionem:
1166 813 1252 868 »dass

77 921 126 978 der
148 920 267 994 Mangel
291 919 457 975 komischer
482 918 604 975 Masken
628 918 685 974 und
701 918 839 975 Costume
862 937 920 974 von
943 920 1035 975 seiten
1059 919 1112 976 der
1127 920 1252 994 Krieger

76 1027 126 1084 das
154 1026 264 1084 Abbild
299 1027 378 1083 einer
413 1026 664 1082 Komiidienscene
700 1025 785 1081 kaurn
820 1026 957 1082 zulasst«.
1017 1027 1144 1082 Chorum
1180 1046 1258 1083 vero»

77 1136 212 1191 comicum
237 1135 381 1210 depictum
405 1152 470 1189 esse
494 1152 530 1189 ex
554 1133 596 1202 iis,
621 1151 697 1206 quae
720 1151 808 1208 supra
832 1134 962 1210 exposui,
987 1134 1049 1190 sole
1073 1148 1118 1190 est
1133 1135 1247 1203 clarius,

77 1243 123 1298 sed
147 1243 309 1303 statuamus
332 1254 449 1316 oportet
471 1259 613 1316 personas
641 1240 688 1295 illa
717 1252 814 1297 aetate
842 1259 1024 1314 nequaquam
1048 1241 1189 1317 postulari
1213 1241 1250 1296 arl

77 1348 255 1424 obtegendas
289 1348 492 1404 choreutarum
528 1347 627 1403 facies.
686 1346 786 1402 Utrum
822 1348 970 1424 pigmento
1005 1347 1108 1405 fuerint
1143 1347 1251 1404 oblitae

78 1456 181 1513 illorum
207 1456 297 1512 facies
320 1474 374 1511 nee
398 1474 443 1526 ne,
469 1455 563 1531 pictor
587 1473 641 1530 pro
665 1454 802 1531 pingendi
826 1468 890 1511 arte
913 1456 940 1510 in
957 1468 1016 1511 tam
1033 1456 1157 1529 antiquis
1173 1456 1252 1512 vasis

77 1563 202 1620 adhibita
226 1563 389 1639 exprimere
417 1561 506 1618 noluit
529 1562 575 1618 vel
604 1581 660 1617 non
691 1563 784 1638 potuit
829 1562 964 1619 Ceterum
988 1563 1112 1618 musicus
1136 1581 1253 1637 quoque

77 1691 198 1746 persona
221 1684 266 1728 est
288 1669 389 1726 nudus¹
423 1671 453 1724 In
474 1669 617 1746 amphora
633 1688 704 1726 mus.
723 1670 820 1726 Berol.
838 1689 885 1725 n0.
909 1669 944 1726 18
950 1688 989 1744 30
1007 1682 1036 1726 et
1053 1671 1080 1725 in
1096 1670 1250 1726 oenochoe

78 1798 142 1835 mus.
168 1779 238 1834 Brit.
263 1777 395 1853 personis
418 1776 574 1833 artificiose
598 1775 747 1832 fabricatis
767 1789 797 1833 et
812 1777 983 1832 musicorum
1001 1791 1030 1833 et
1046 1777 1256 1834 choreutarum-

78 1888 168 1963 capita
192 1897 296 1962 operta
320 1897 393 1940 sunt.
430 1882 492 1940 Sub
517 1884 564 1939 illa
589 1884 674 1958 igitur
697 1897 840 1960 tempora,
865 1883 969 1958 quibus
992 1884 1130 1960 Thespis,
1156 1885 1251 1941 Choe-

77 1993 148 2064 rilus,
178 1992 370 2067 Phrynichus,
402 1991 575 2065 Aeschylus,
604 1992 629 2047 si
652 2009 727 2064 quae
751 1989 859 2047 Suidae
882 1991 954 2048 fides
979 1991 1116 2047 habenda
1139 2005 1192 2063 est,
1222 1993 1250 2048 in

77 2115 134 2158 arte
161 2119 304 2177 personas
332 2100 460 2174 tragicas
489 2097 650 2154 fabricandi
678 2100 725 2155 alii
749 2100 805 2155 alia
830 2098 1016 2169 innovabant,
1047 2099 1075 2154 in
1099 2099 1249 2155 comoedia

77 2209 117 2264 vel
141 2209 234 2264 comis
258 2207 405 2280 Dionysiis
429 2224 535 2280 magna
552 2225 741 2281 personarum
757 2206 898 2282 perfectio
916 2205 1079 2262 constabat.
1113 2205 1248 2262 Colorum

76 2316 207 2387 varietas,
238 2334 323 2388 quam
353 2314 472 2388 tragicis
500 2314 633 2389 personis
663 2313 840 2386 Aeschylum
869 2313 1023 2368 addentem
1053 2313 1121 2368 facit
1143 2310 1257 2368 Suidas

74 2421 233 2508 (προσωπεῖα
262 2420 333 2475 δεινὰ
360 2427 405 2474 καὶ
429 2423 548 2491 χρώμασι
572 2415 738 2500 κεχρισμένα)
775 2421 902 2475 comicas
931 2420 1094 2475 iamdudum
1124 2419 1249 2476 ornabat

78 2547 225 2604 personas.

159 2638 199 2692 At
222 2655 267 2706 ea,
292 2655 367 2710 quae
392 2636 428 2692 de
451 2635 578 2711 pristinis
602 2635 771 2690 comoediae
795 2634 977 2690 incrementis
1001 2653 1038 2690 ex
1058 2637 1248 2692 monumentis

74 2744 156 2800 modo
180 2742 338 2812 effecimus,
374 2762 539 2819 repugnare
562 2743 605 2811 iis,
635 2761 709 2815 quae
739 2742 775 2798 de
798 2755 930 2818 tempore
954 2759 1011 2815 qno
1035 2742 1186 2798 comoedia
1210 2744 1247 2799 ad

74 2851 256 2907 excultiorem
280 2864 372 2906 artem
396 2850 535 2927 progredi
559 2850 690 2926 coeperit
714 2850 816 2904 coniici
840 2849 942 2917 solent,
968 2867 1053 2904 nemo
1074 2850 1137 2920 erit,
1163 2868 1247 2923 quem

73 2957 98 3013 in
120 2957 245 3034 legendo
269 2956 413 3033 effugerit.
445 2957 599 3031 Philologi,
624 2975 689 3012 cum
713 2956 882 3012 comoediae
906 2956 1131 3029 antiquissimum
1154 2976 1248 3013 exem·

73 3064 134 3140 plar
157 3065 235 3142 apud
258 3066 382 3121 animum
406 3064 527 3121 reficere
555 3065 679 3134 student,
710 3064 747 3119 ad
772 3063 938 3120 Aristotelis
961 3062 1055 3120 verba
1078 3063 1248 3139 plerumque

71 3190 134 3228 sese
157 3173 308 3250 applicare
331 3172 433 3242 solent,
459 3173 507 3246 qui
531 3173 559 3226 in
583 3171 687 3247 Capite
704 3171 742 3228 IV
766 3170 832 3226 libri
855 3171 903 3244 qui
926 3183 971 3226 est
987 3170 1024 3226 de
1040 3182 1103 3226 arte
1118 3171 1253 3246 poetica,

72 3299 88 3335 a
120 3280 381 3356 phallophororum
417 3279 704 3336 commessationibus
739 3291 870 3335 exortam
906 3278 1084 3334 comoediam
1121 3279 1245 3333 coniicit.

72 3387 164 3456 Quam
188 3387 383 3443 coniecturam
409 3388 448 3442 ita
472 3387 656 3462 interpretari
679 3387 781 3455 solent,
806 3398 836 3440 ut
860 3386 938 3441 circa
962 3404 1054 3440 annos
1072 3384 1253 3458 520—480-

72 3495 182 3551 minime
207 3513 270 3550 eam
295 3506 455 3570 apparatus
478 3494 584 3548 scenici
600 3493 807 3569 perfectionem
825 3492 994 3548 comoediae
1010 3491 1146 3561 tribuant,
1171 3510 1246 3566 quae

70 3614 193 3678 apparet
227 3602 255 3657 in
290 3602 488 3672 monumentis,
526 3600 562 3656 de
597 3599 700 3674 quibus
735 3601 908 3673 quaerimus.
962 3599 1059 3655 Divini
1088 3600 1142 3654 viri
1170 3599 1252 3655 illam.

69 3709 242 3785 opinionem,
278 3709 303 3764 si
327 3727 391 3764 cum
414 3721 662 3764 monumentorum
686 3707 855 3769 testimoniis
879 3707 1027 3762 conciliari
1050 3707 1165 3761 omnino
1189 3725 1252 3762 non.

68 3827 173 3890 potest,
203 3815 331 3872 abiicere
355 3814 439 3870 nobis
462 3834 520 3870 non
544 3814 744 3888 dubitandum3
773 3834 839 3870 nam
863 3834 899 3870 ex
922 3814 1047 3869 vasculis
1070 3832 1124 3889 per
1147 3831 1246 3869 saecu-

68 3923 159 3978 lorum
189 3923 300 3978 ruinam
335 3923 408 3977 miro
444 3941 512 3977 casu
549 3922 729 3978 conservatis
757 3922 948 3978 testimoninm
977 3939 1082 3976 novum
1110 3939 1146 3976 ac
1169 3921 1244 3975 omni

68 4029 235 4086 coniectura
258 4030 390 4106 superius
415 4042 545 4085 tenemus
568 4029 709 4085 manibus.
750 4028 895 4098 Attamen,
921 4029 974 4084 etsi
998 4028 1136 4103 temporis
1159 4027 1252 4096 ratio„
