2910 4492
624 386 660 393 ....
713 370 751 407 20
802 387 839 393 —

142 534 223 588 »eine
248 531 394 589 harmlose
419 533 553 587 Feerieu?
590 531 700 587 Contra
723 532 746 585 si
772 544 885 606 partem
910 530 1014 585 Avium
1038 531 1078 602 (v.
1105 546 1315 605 903—1055‚

143 659 200 714 133
207 635 371 718 5—1469)
406 658 463 713 qua
498 638 536 693 ad
571 640 613 694 rei
648 637 782 714 publicae
817 652 922 693 statum
951 656 987 693 ac
1018 637 1217 694 condicionem
1245 637 1317 690 satis

134 746 333 822 significanter
355 759 443 821 poeta
468 745 576 814 alludit,
601 763 745 819 quamque
768 745 799 800 Z.
824 765 854 820 p.
878 764 909 799 11
944 757 974 799 ut
997 745 1146 799 scurrilem
1169 743 1324 818 quandam

136 854 245 909 intento
280 865 388 908 tantum
424 853 514 926 digito
543 852 645 926 tetigit,
681 852 795 907 acriore
823 851 928 906 iudicio
952 851 1151 927 perpenderis,
1188 869 1253 906 eam
1278 849 1316 904 ad

135 973 225 1016 totam
262 959 441 1015 comoediam
477 971 557 1015 recte
592 959 800 1014 aestimandam
835 959 951 1014 maximi
987 977 1052 1014 esse
1087 957 1225 1033 ponderis
1253 957 1316 1012 sine

137 1065 224 1122 dubio
248 1065 430 1122 observabis.
464 1066 566 1120 Altero
591 1066 672 1120 huius
696 1065 906 1121 dissertationis
931 1066 1027 1142 capite
1042 1065 1199 1120 simillimas
1215 1076 1316 1139 partes

136 1163 164 1228 in
188 1172 383 1249 compluribus
406 1172 564 1228 comoediis
581 1172 786 1248 Aristophanis
810 1173 897 1228 certis
920 1171 1023 1227 finibus
1048 1171 1313 1234 circumcludemuS,

136 1280 211 1335 unde
234 1278 373 1336 efficietur
397 1280 519 1355 eaipsa
543 1279 735 1354 componendi
759 1280 870 1334 ratione
893 1280 1003 1353 signari
1026 1278 1206 1334 comoediam
1222 1278 1316 1354 politi·

137 1406 210 1442 cam.
258 1387 329 1442 Cum
353 1387 391 1441 ad
415 1406 478 1442 eam
503 1405 619 1442 scenam
643 1398 711 1462 post
734 1385 901 1462 parabasim
926 1387 952 1440 in
970 1386 1092 1440 medium
1109 1385 1316 1441 conferendam

137 1494 262 1570 priorem
299 1492 425 1548 fabulam
460 1493 676 1548 accommodari
711 1506 855 1568 oporteat,
893 1493 920 1548 in
950 1493 1063 1548 Avibus
1087 1511 1202 1567 quoque
1230 1511 1316 1568 para·

138 1601 249 1675 mythia
284 1619 340 1655 non
376 1601 502 1676 ipsorum
532 1619 629 1671 causa,
665 1600 718 1656 sed
746 1613 777 1655 ut
804 1601 941 1676 politicae
965 1600 1123 1654 inserviant
1146 1599 1317 1654 comoediae

138 1707 352 1784 exsculpendae
376 1727 393 1762 a
417 1720 504 1783 poeta
529 1722 664 1783 prompta
688 1720 718 1762 et
740 1720 877 1781 quantum
902 1708 928 1761 ei
950 1707 1041 1762 visum
1065 1721 1110 1762 est
1126 1719 1233 1761 mutata
1250 1725 1319 1761 esse

139 1815 275 1870 dicemus.

228 1921 454 1977 Fundamentum
491 1922 586 1996 igitur,
623 1940 680 1996 quo
716 1922 813 1976 nititur
844 1921 1056 1995 argumentatio
1080 1921 1137 1990 illa,
1175 1920 1252 1975 haud
1277 1922 1314 1975 ita

138 2029 248 2083 lirmum
278 2029 345 2084 mihi
373 2029 496 2084 videtur.
544 2029 589 2083 Ac
613 2029 664 2098 eie,
701 2048 776 2103 quae
800 2047 836 2083 ex
860 2028 1075 2103 deperditarum
1100 2028 1318 2082 comoediarum

139 2135 307 2209 fragmentis
354 2135 488 2191 Zielinski
534 2135 639 2191 elicere
678 2149 799 2190 conatus
837 2148 895 2205 est,
944 2135 971 2189 in
1010 2135 1172 2189 universum
1212 2133 1314 2200 verba,

139 2240 242 2315 quibus
271 2242 375 2298 Kaibel
411 2242 522 2315 (Herm.
553 2242 660 2311 XXIV,
697 2263 726 2318 p.
760 2244 812 2316 52)
847 2261 938 2318 nuper
966 2242 1105 2297 eiusmodi
1134 2242 1320 2298 coniecturas¹

140 2350 351 2419 condemnavit,
376 2363 444 2426 apte
469 2363 665 2425 opponantur:
708 2338 898 2425 »Uberhaupt
914 2349 950 2403 ist
965 2367 997 2403 es
1014 2361 1141 2423 gewagt,
1167 2368 1219 2403 aus
1236 2351 1319 2404 einer

140 2456 341 2512 erkennbaren
369 2455 465 2512 Scene
500 2457 555 2512 den
584 2457 671 2531 Gang
700 2457 751 2512 des
779 2457 951 2512 verlorenen
974 2453 1100 2510 Stt'ickes
1124 2455 1316 2511 erschliessen

141 2584 174 2618 zu
211 2564 324 2620 wollen.
373 2563 439 2618 Wie
475 2563 549 2618 viele
584 2562 752 2618 fruchtbare
788 2563 982 2618 dramatische
1012 2563 1121 2618 Motive
1149 2564 1244 2636 liegen
1269 2563 1318 2618 bei

143 2670 353 2745 Aristophanes
382 2671 408 2724 in
437 2669 610 2744 beilaufigen
640 2669 865 2744 Andeutungen,
895 2669 967 2724 oder
995 2671 1023 2723 in
1051 2670 1318 2743 untergeordneten

141 2775 254 2832 Scenen
278 2777 438 2832 versteckt:
476 2782 575 2832 waren
603 2779 644 2832 sie
668 2796 720 2831 uns
744 2777 787 2832 als
811 2777 984 2832 vereinzelte
1009 2777 1208 2831 Bruchstficke
1233 2776 1317 2832 liber-

91 2894 92 2897 ’
141 2883 241 2952 liesert,
279 2885 333 2938 wie
362 2884 435 2938 viele
465 2884 552 2957 irrige
576 2882 714 2938 Schllisse
738 2883 837 2938 wurde
861 2902 927 2937 man
951 2902 1002 2938 aus
1027 2884 1112 2938 ihnen
1137 2883 1212 2938 nach
1237 2885 1320 2939 einer

141 2989 230 3045 leider
257 2991 356 3045 immet
380 2991 455 3045 noch
480 2991 558 3045 nicht
581 2991 814 3046 flberwundenen
840 2989 978 3045 Methode
1006 2990 1050 3044 fur
1073 2991 1128 3045 den
1152 2989 1240 3064 Gang
1265 2991 1321 3045 der·

142 3097 296 3171 Handlung
331 3095 421 3152 selbst
456 3098 586 3152 alehem«
647 3099 692 3153 De
720 3097 838 3171 singulis
866 3095 1051 3170 quibusdam,
1089 3115 1163 3171 quae
1191 3097 1260 3151 mihi
1288 3098 1318 3151 in.

141 3203 257 3277 reliquis
283 3204 419 3279 deinceps
442 3217 630 3259 occurrerunt
653 3203 854 3280 improbanda,
880 3224 965 3278 quam
982 3203 1153 3259 brevissime
1169 3222 1315 3278 exponere

142 3311 235 3365 liceat.

240 3418 284 3471 Ex
312 3416 457 3474 Athenaei
485 3418 551 3473 loco
579 3417 618 3474 VI
644 3417 704 3490 267
731 3437 756 3488 e,
785 3419 999 3494 praecipueque
1026 3437 1062 3472 ex
1090 3417 1257 3491 fragmentis
1281 3437 1321 3474 eo

153 3543 208 3581 oco
236 3525 360 3580 servatis
389 3526 479 3580 critici
507 3540 642 3581 eruerunt
670 3537 773 3601 poetas
802 3525 829 3579 in
858 3524 911 3579 illis
935 3526 1092 3580 comoediis
1116 3525 1240 3599 priscam
1267 3526 1316 3581 ho-

143 3635 246 3687 minum
263 3630 426 3688 felicitatem
447 3632 672 3708 »descripsisse«
683 3629 712 3706 ¹),
736 3652 793 3706 quo
810 3648 869 3691 non
885 3632 970 3686 nimia
987 3631 1196 3687 contenduntur
1213 3631 1314 3687 verbo.

143 3738 201 3795 Sed
227 3757 381 3794 caveamus
405 3759 440 3794 ne
464 3740 554 3794 secuti
571 3739 752 3794 Zielinskium
778 3739 878 3793 falsam
895 3739 1058 3814 opinionem
1075 3753 1169 3793 mente
1186 3757 1316 3815 compre·

216 3982 235 4050 ²)
255 3986 344 4048 Bergk,
365 3986 461 4035 Comm.
482 3988 513 4034 de
526 3987 619 4048 Reliqu.
635 3987 707 4036 Com.
720 3989 771 4034 Att.
792 4001 816 4048 p.
836 3988 894 4045 1963
915 3987 1027 4047 Litgsch.
1048 4002 1072 4049 p.
1087 3987 1127 4035 50.
1161 3987 1315 4050 Bernhardy,

144 4076 254 4137 Litgsch.
275 4075 320 4123 112
341 4092 364 4138 p.
380 4077 439 4124 589.
480 4123 483 4132 ,
