2910 4492
183 556 212 598 ut
235 543 308 598 inter
331 543 458 618 singulas
483 558 581 618 partes
597 544 668 598 alius
685 545 806 599 actionis
818 530 969 618 'tamquam
987 545 1175 614 interludium,
1201 544 1279 619 quod
1297 546 1363 600 Itali

183 650 353 706 intermezzu
371 649 476 720 dicunt,
495 650 645 719 inseratur,
663 668 747 705 nemo
764 669 820 706 non
834 649 1046 706 observaverit.
1079 650 1255 707 Comoediae
1268 671 1363 728 popu-

182 757 249 812 laris
261 757 422 832 exemplum
435 757 502 812 illud
514 777 594 812 suum
608 757 681 812 inter
693 757 775 812 ludos
787 756 927 812 artificum
935 758 1105 814 circensium
1114 758 1361 834 peregrinantium

182 864 378 939 interpositum
410 863 495 920 fuisse
524 863 644 920 adnotat
674 865 709 918 R.
733 864 771 918 M.
791 863 916 919 Werner
946 864 976 938 (l.
1002 883 1028 920 c.
1058 864 1221 940 Einleitung
1250 885 1279 941 p.
1309 868 1363 940 13)

181 983 267 1045 atque
292 970 368 1040 illud,
393 970 471 1045 quod
491 989 548 1045 ego
565 970 731 1026 describere
748 991 833 1026 ausus
853 992 924 1040 sum,
942 973 1015 1026 inter
1031 971 1159 1046 singulos
1175 971 1257 1027 ludos
1274 973 1362 1028 musi-

182 1095 279 1133 corum
304 1079 331 1132 in
355 1077 457 1133 eodem
482 1077 545 1132 foro
570 1079 778 1133 concinentium
803 1078 956 1134 identidem
981 1079 1029 1153 agi
1054 1077 1121 1133 vidi.
1160 1078 1361 1152 Arlequinada

182 1186 209 1239 in
234 1185 460 1240 Britannicorum
484 1186 670 1260 pantomimo,
696 1185 743 1259 qui
768 1185 1122 1240 Christmas-Pantomime
1137 1185 1248 1253 dicitur,
1274 1185 1364 1241 inter-

182 1292 248 1346 ludii
284 1293 347 1347 vice
378 1291 507 1368 :fungitur
542 1305 571 1346 et
601 1304 667 1347 ante
696 1312 790 1367 pauca
822 1293 961 1348 decennia
991 1293 1017 1346 in
1042 1293 1157 1348 theatro
1182 1292 1362 1348 Berolinensi

182 1400 255 1455 inter
278 1411 359 1454 actus
383 1399 511 1473 singulos
536 1398 657 1454 fabellas
681 1419 822 1475 puparum
847 1412 990 1474 apparatu
1015 1399 1105 1469 aetas,
1132 1400 1159 1453 in
1182 1398 1287 1474 quibus
1311 1419 1363 1456 res

182 1525 256 1581 quae
279 1505 401 1560 studium
425 1505 570 1581 publicum
596 1505 752 1562 movebant
775 1505 811 1560 ad
829 1506 916 1561 risum
933 1505 1188 1580 detorquebantur,
1215 1506 1364 1581 interponi

181 1613 280 1669 solitas
315 1632 394 1669 esse=
414 1625 514 1668 narrat
548 1613 641 1688 Engel
670 1613 830 1685 (Deutsche
860 1613 1126 1688 Puppenkomddie‚
1157 1613 1191 1681 Il,
1220 1633 1249 1688 p.
1268 1609 1362 1693 Vlss).

181 1721 219 1777 Ut
243 1721 401 1795 Arlequino
437 1721 464 1775 in
488 1720 622 1775 Italorum
658 1720 818 1788 comoedia,
855 1721 896 1775 sic
926 1721 1036 1790 Clown,
1073 1739 1157 1794 quem
1187 1719 1293 1784 dicunt,
1334 1721 1363 1775 in

182 1828 417 1897 Britannicorum,
443 1827 587 1884 Gracioso
612 1829 638 1882 in
663 1828 856 1903 Hispanorum
881 1828 1042 1896 comoedia,
1070 1828 1234 1902 priusquam
1258 1841 1364 1902 partes

181 1954 280 1990 eorum
304 1955 366 1990 cum
392 1936 525 1990 universo
550 1935 681 1990 dramate
705 1935 881 2001 coaluerunt,
907 1934 1057 1990 interludia
1079 1933 1208 2008 agebant
1224 1934 1364 1989 eandem-

181 2061 236 2116 que
272 2043 298 2095 in
333 2055 444 2116 partem
482 2042 546 2097 illae
581 2061 686 2097 scenae
716 2041 904 2117 accipiendae
935 2053 1008 2110 sunt,
1045 2059 1117 2115 quas
1141 2061 1158 2096 a
1181 2038 1364 2096 Strauitzkio

182 2150 357 2224 compositas
382 2150 415 2203 R.
434 2150 473 2203 M.
493 2149 618 2204 Werner
642 2149 738 2204 edidit.
785 2150 815 2203 ln
832 2149 1025 2224 Hispanorum
1050 2148 1165 2202 theatro
1189 2147 1256 2202 talia
1275 2148 1364 2204 inter-

182 2256 256 2310 ludia
293 2257 405 2330 integra
440 2269 557 2331 praeter
593 2255 705 2312 fabulas
736 2255 918 2316 excultiores.
955 2275 1030 2329 quae
1059 2274 1095 2310 ex
1119 2255 1152 2309 iis
1176 2267 1258 2309 ortae
1283 2269 1362 2325 sunt,

180 2377 399 2438 permanserunt
423 2365 535 2418 nornine
559 2363 752 2431 Eutremeses,
779 2364 805 2416 in
830 2361 933 2437 quibus
957 2361 1163 2438 componendis
1187 2361 1363 2436 saepissime

181 2469 321 2544 quotlibet
345 2471 482 2544 deinceps
505 2488 646 2543 personas
669 2469 804 2524 ridiculas
828 2482 934 2544 poetae
959 2468 1102 2524 inducunt.

270 2577 402 2632 Zielinski
428 2577 458 2647 (l.
485 2597 509 2631 c.
535 2596 563 2651 p.
587 2568 658 2650 185)
682 2590 800 2652 praeter
824 2578 914 2630 minus
938 2595 1045 2649 graves
1063 2594 1175 2644 causas,
1200 2594 1237 2631 ex
1253 2576 1363 2650 quibus

180 2684 345 2758 parabasim
371 2697 452 2759 putat
476 2702 541 2738 esse
564 2683 707 2758 epilogum
733 2684 901 2738 comoediae
925 2683 1081 2757 originalis
1108 2684 1264 2758 praecipue
1282 2683 1362 2740 illam

181 2791 300 2866 prosert,
337 2791 403 2865 quia
428 2790 640 2844 tetrametricae
665 2791 836 2846 comoediae
860 2802 959 2865 partes
976 2803 1042 2844 ante
1059 2788 1235 2864 parabasim,
1261 2791 1363 2848 trime·

181 2898 271 2952 tricae
306 2910 373 2972 post
407 2896 574 2972 parabasim
610 2896 777 2971 plerumque
813 2898 1001 2952 inveniantur.
1054 2897 1190 2951 Nimirum
1227 2897 1363 2954 trimetro

182 3003 305 3059 iambico
340 3023 445 3059 scenae
482 3003 546 3058 illae
576 3004 709 3059 scurriles
739 3004 917 3079 compositae
946 3017 1019 3071 suut,
1056 3003 1159 3077 quibus
1182 3015 1250 3078 post
1273 3023 1364 3080 para-

180 3111 272 3167 basim
309 3111 463 3166 illustratur
497 3129 554 3184 quo
590 3111 705 3166 valeant
739 3131 774 3166 ea
798 3130 873 3185 quae
908 3132 924 3165 a
960 3111 1162 3186 protagonista
1197 3111 1223 3164 in
1260 3112 1364 3186 priore

181 3217 295 3274 fabulae
319 3231 402 3294 parte
426 3230 545 3293 peracta
570 3231 643 3273 sunt.
691 3218 811 3287 Causas,
838 3236 917 3287 vern,
943 3236 1015 3292 quas
1038 3236 1126 3292 supra
1150 3215 1265 3293 protuli,
1290 3219 1362 3292 quia

182 3346 234 3383 eae
258 3339 356 3401 partes
381 3326 550 3381 comoediae
573 3326 735 3400 primitivae
759 3327 882 3380 omnium
906 3327 1032 3400 gentium
1057 3323 1195 3380 exhibent
1218 3325 1361 3398 speciem,

183 3448 238 3488 turn
263 3433 329 3507 quia
355 3433 381 3486 in
407 3432 603 3507 Aristophane
628 3433 738 3486 nonnisi
768 3450 803 3486 ex
828 3433 1017 3506 antiquiorum
1042 3444 1192 3507 poetarum
1217 3432 1363 3507 exemplis

181 3541 394 3595 excusationem
421 3538 537 3607 habent,
575 3539 640 3611 quia
666 3538 797 3612 denique,
834 3539 858 3593 si
887 3551 966 3594 recte
991 3538 1066 3593 illum
1092 3537 1237 3610 Anonymi
1263 3537 1362 3594 locum

182 3644 384 3722 interpretatus
412 3665 483 3715 sum,
514 3665 577 3700 eain
607 3647 746 3700 rationem
779 3664 816 3701 ex
839 3646 948 3701 Cratini
972 3645 1174 3719 antiquissimis
1199 3645 1363 3702 comoediis

182 3754 368 3810 derivandam
397 3772 461 3808 esse
493 3753 623 3818 traditur,
660 3771 710 3806 eas
735 3771 838 3807 causas
862 3765 1014 3828 postquam
1039 3752 1117 3826 apud
1141 3751 1266 3806 animum
1291 3771 1360 3827 per-

181 3861 276 3937 pendi,
313 3860 417 3915 adduci
446 3879 502 3914 non
534 3878 660 3934 possum,
697 3873 727 3914 ut
756 3859 817 3914 illas
852 3873 951 3934 partes
986 3859 1052 3933 quia
1077 3859 1207 3914 trimetro
1232 3857 1362 3915 iambico

181 3969 359 4045 compositae
383 3980 455 4036 sunt,
482 3967 642 4022 recentiore
667 3979 762 4022 aetate
786 3979 875 4036 ortas,
901 3987 985 4041 quam
1010 3978 1109 4042 partes
1133 3967 1360 4036 tetrametricas,

93 4094 95 4098 ’
176 4076 331 4151 parodum,
361 4094 495 4148 agonem,
526 4074 637 4130 ducam.
692 4074 838 4129 Ludorum
863 4073 972 4128 illorum
996 4073 1166 4142 scurrilium,
1197 4072 1245 4146 qui
1274 4072 1361 4129 inse
