2910 4492
620 349 834 404 -26,

135 527 209 583 della
233 525 367 600 Scalla¹),
393 529 439 601 qui
463 529 623 582 summatim
650 528 806 601 Arlequino
830 547 905 602 quae
930 530 1018 584 iocari
1036 529 1133 604 'possit
1158 529 1316 603 significat.

136 638 164 690 ln
189 635 242 690 illis
266 653 381 709 quoque
405 635 571 703 comoediis,
597 654 669 709 quas
693 637 840 709 congessit
864 633 1053 710 G·erhardi,²)
1083 636 1206 692 ludibria
1233 636 1317 692 Arle-

134 744 210 817 quini
239 743 346 818 passim
376 743 545 817 interposita
573 756 646 813 sunt,
677 761 751 816 quae
781 744 807 797 in
836 761 915 799 suum
945 762 1025 799 usum
1050 762 1085 798 ex
1110 745 1142 799 iis
1167 745 1318 819 excerpsit

134 845 345 924 Strauitzky,³)
385 847 589 904 celeberrimus
630 849 770 905 inculator
809 849 1052 906 Vindobonensis.
1115 850 1163 904 Ad
1201 850 1316 906 illarum

135 957 256 1032 partium
281 956 489 1011 similitudinem
514 957 644 1031 proxime
661 956 802 1011 accedunt
826 956 890 1011 illae
914 976 1028 1030 (pioque
1045 975 1151 1012 scenae
1167 958 1315 1027 scurriles

135 1083 210 1138 quae
234 1077 372 1119 occurunt
398 1065 424 1117 in
449 1063 605 1118 comoediis
630 1083 770 1139 puparum
795 1079 938 1139 apparatu
962 1063 1084 1138 agendis
1110 1063 1147 1119 ab
1164 1063 1318 1120 actoribus

136 1169 387 1246 peregrinantibus
411 1188 464 1246 per
486 1170 603 1225 saecula
628 1172 760 1239 servatis
786 1189 858 1244 quas
883 1171 1000 1245 collegit
1024 1169 1160 1245 angelo
1192 1171 1224 1226 Id
1241 1191 1315 1227 vero

136 1277 232 1334 differt
248 1279 329 1339 ¹inter
353 1276 465 1332 fabulas
490 1277 543 1332 has
567 1291 595 1332 et
614 1277 854 1353 Aristophaneas,
880 1278 957 1350 quod
974 1297 1036 1346 eae,
1062 1297 1137 1352 quae
1154 1297 1207 1354 per
1223 1292 1316 1333 totam

136 1384 260 1441 fabulam
290 1398 388 1460 partes
415 1405 481 1439 suas
504 1385 651 1452 sustinent,
688 1402 831 1459 personae
855 1403 913 1439 non
936 1403 1031 1440 novae
1055 1384 1197 1459 quaedam
1223 1399 1251 1439 et
1276 1385 1315 1440 ad

137 1493 193 1549 hoc
217 1492 307 1548 solum
325 1491 465 1546 inductae
490 1491 611 1547 ludibria
636 1492 800 1547 ioculatoris
824 1489 955 1546 subeunt.
989 1492 1017 1547 T
1019 1492 1079 1547 ales
1103 1490 1225 1547 fabellas
1250 1511 1316 1546 cum

136 1601 348 1673 investigemus,
378 1599 405 1652 in
429 1597 561 1673 qualibus
585 1617 679 1655 novae
704 1618 847 1674 personae
875 1601 931 1656 alia
956 1613 1021 1676 post
1045 1599 1129 1654 aliam
1154 1599 1191 1654 ad
1216 1612 1318 1674 prota-

136 1708 279 1780 gonistam
303 1720 481 1760 scurrantem
507 1706 658 1782 prodeunt,
689 1710 807 1783 propius
832 1708 869 1763 ad
893 1721 1020 1763 nostrum
1045 1706 1207 1782 exemplum
1231 1725 1318 1761 acce-

137 1815 205 1869 dunt
222 1814 415 1890 Hispanorum
433 1813 616 1870 Eutremeses
640 1834 715 1887 quae
740 1815 879 1884 (licuntur,
905 1816 978 1869 inter
1001 1835 1076 1888 quae
1100 1813 1251 1868 interlurlia
1277 1813 1316 1868 ad

136 1935 234 1997 partes
269 1940 344 1977 voco
368 1921 471 1996 Lopae
496 1920 531 1976 de
557 1919 639 1994 Vega
676 1921 752 1988 illud,
789 1923 816 1976 in
851 1943 908 1996 quo
937 1935 1055 1996 praeter
1078 1920 1182 1977 filiolae
1206 1939 1318 1995 procos

137 2042 252 2104 poetam
289 2027 394 2082 inducit
429 2028 676 2083 ridiculosissimos
706 2047 805 2083 versus
831 2023 1040 2102 condentem.⁵)
1087 2027 1212 2095 Goethe,
1250 2047 1316 2082 cum

137 2136 306 2192 comoediae
342 2136 489 2211 popularis
524 2135 670 2210 specimen
706 2155 882 2211 componere
911 2135 1007 2205 vellet,
1045 2137 1072 2189 in
1100 2133 1206 2190 fabella
1235 2133 1318 2189 »Det

137 2242 304 2316 Jahrmarkt
340 2262 373 2296 zu
404 2242 661 2297 Plundersweileru
701 2243 802 2298 eadem
839 2241 990 2297 inducendi
1026 2261 1166 2317 personas
1201 2241 1317 2296 ratione

138 2371 202 2405 usus
220 2364 272 2405 est.
312 2351 420 2404 Halner
444 2344 526 2429 (Ges.
544 2346 699 2404 Schriften.
734 2349 820 2404 Wien
850 2349 940 2418 1812,
967 2350 977 2402 l
1002 2347 1033 2402 S.
1054 2347 1145 2424 79ff.)
1168 2347 1238 2402 nihil
1263 2348 1317 2402 nisi

138 2457 288 2532 parodiam
314 2457 482 2512 comoediae
507 2456 654 2531 popularis
678 2476 763 2529 quam
789 2455 907 2510 dicimus
936 2453 1209 2510 »Hanswurstiade«
1238 2473 1317 2509 eam·

137 2584 193 2637 oue
228 2563 447 2637 sublanguidam
477 2562 593 2630 effinxit,
624 2577 721 2637 aptam
747 2576 851 2628 tamen,
878 2581 952 2634 quite
977 2560 1116 2616 eiusmodi
1140 2560 1315 2616 ludicrorum

137 2685 307 2725 structuram
344 2669 557 2743 quodammodo
594 2670 722 2736 illustret,
759 2670 865 2744 quippe
901 2668 978 2742 quod
1015 2670 1040 2722 in
1070 2665 1116 2722 ea‘
1136 2669 1236 2722 sannio
1270 2669 1316 2723 ille

139 2778 245 2852 primas
273 2791 371 2852 partes
399 2777 517 2831 sustinet
546 2791 573 2830 et
609 2776 679 2830 alias
715 2795 855 2850 personas
880 2777 960 2848 quasi
985 2788 1166 2829 transeuntes
1190 2773 1317 2831 ludibrio

139 2882 237 2938 habet.
272 2883 307 2938 Ut
332 2902 402 2938 vero
426 2897 524 2938 nostra
545 2898 640 2938 aetate
657 2882 856 2957 Dicaeopolin,
882 2882 1060 2955 'l¹rygaeum,
1086 2880 1317 2937 Peisthetaerum

138 3005 300 3067 spectemus
324 2991 490 3064 sugillantes
515 2991 736 3066 sycophantam,
762 3003 857 3043 vatem
882 2989 952 3043 alias
969 3007 1110 3063 personas
1127 2988 1251 3063 typicas,
1279 2989 1316 3043 ad

139 3097 317 3154 comoediam
331 3096 410 3152 libris
423 3117 479 3152 non
493 3098 656 3152 mandatam
670 3096 753 3152 nobis
766 3110 809 3150 est
823 3095 1063 3150 descendendum.
1090 3094 1124 3148 R.
1139 3094 1178 3148 M.
1189 3093 1317 3150 Werner

140 3208 165 3260 in
191 3205 370 3280 praefatione
399 3205 435 3259 ad
459 3203 624 3259 Strauitzlrii
650 3203 881 3258 Vindobonensis
906 3202 1000 3256 Ollam
1032 3201 1176 3277 potridam
1201 3223 1230 3276 p.
1249 3204 1318 3256 Xlll

213 3359 231 3425 ¹)
251 3363 267 3410 Il
287 3365 384 3410 theatro
405 3365 468 3410 delle
488 3363 571 3410 savole
589 3367 779 3425 rappresentate
793 3376 888 3409 ovvero
903 3361 926 3407 la
940 3359 1099 3407 recreazione
1113 3359 1211 3406 comica
1225 3361 1316 3408 bosca-

139 3453 219 3500 reccia
239 3459 263 3499 et
282 3454 386 3514 tragica.
426 3453 540 3514 Venedig
564 3454 606 3500 tol
618 3455 636 3500 l.

211 3535 231 3602 ²)
260 3542 294 3590 Le
312 3536 419 3590 ‘theatre
448 3542 532 3589 italien
560 3556 593 3589 ou
623 3544 645 3589 le
673 3543 764 3589 recueil
793 3537 894 3601 general
920 3541 951 3587 de
976 3545 1060 3587 tontes
1085 3541 1121 3587 les
1142 3535 1318 3587 comedisset

139 3627 234 3679 Scenes
259 3632 399 3695 francaises
420 3633 511 3693 jouees
531 3633 632 3692 parles
652 3627 798 3679 come‘dieus
819 3630 920 3677 ltaliens
946 3630 979 3676 du
1000 3630 1061 3691 Roy,
1086 3629 1201 3690 pendant
1220 3634 1276 3676 tout
1295 3629 1317 3676 le

140 3726 230 3782 temps,
250 3719 324 3782 qu'ils
344 3726 389 3768 ont
409 3717 448 3768 e'te'
467 3736 500 3768 au
520 3720 629 3767 Service.

211 3803 231 3872 ³)
261 3810 287 3859 R.
315 3809 349 3860 M.
378 3809 492 3867 Werner‚
523 3809 571 3857 Der
599 3809 701 3857 Wiener
730 3809 891 3858 Hanswurst.
939 3807 996 3855 Olla
1023 3807 1124 3868 potrida
1150 3807 1197 3854 des
1226 3808 1317 3855 dorch-

139 3899 301 3960 getriebenen
323 3898 493 3946 Fuchsmundi
515 3913 565 3946 von
585 3899 606 3948 l.
626 3900 655 3946 Α.
676 3898 832 3960 Strauitzlry.
872 3896 986 3956 (Wiener
1005 3894 1156 3943 Neudruelre
1180 3892 1231 3960 10.)

211 3983 233 4048 ⁴)
253 3988 380 4035 Deutsche
400 3988 633 4049 Puppenkomddie.
672 3987 821 4047 Oldenburg
845 3987 917 4034 1874.

212 4073 232 4138 ὁ)
271 4077 348 4138 Rapp,
369 4077 524 4140 Spanisches
544 4077 652 4124 Theater
671 4075 710 4131 IV,
730 4090 755 4137 p.
770 4076 828 4124 305.
