2910 4492
589 917 784 1020 Vita.

194 1261 319 1316 Mathias
354 1261 498 1336 josephus
534 1261 743 1336 Poppelreuter
777 1275 860 1316 nanus
895 1280 955 1316 sum
992 1262 1037 1317 die
1074 1264 1139 1317 XX.
1173 1263 1277 1330 mensis

104 1367 229 1442 Augusti
255 1387 282 1423 a.
309 1367 337 1423 h.
362 1386 385 1423 s.
415 1368 524 1423 LXVII
553 1383 636 1443 patre
667 1369 801 1433 Antonio,
840 1383 929 1423 matre
958 1368 1116 1425 Catharina
1145 1389 1162 1425 e
1190 1383 1277 1444 gente

104 1472 284 1530 Hallerbach
308 1475 335 1529 in
351 1493 445 1550 parvo
462 1448 630 1550 provinciae
647 1475 806 1531 Rhenanae
824 1477 897 1541 vico,
924 1477 968 1530 cui
984 1496 1088 1532 nomen
1104 1491 1147 1532 est
1166 1477 1276 1539 Laach,

102 1579 211 1654 quique
234 1580 304 1637 situs
328 1596 371 1637 est
395 1600 488 1657 prope
514 1582 665 1637 Altenahr.
716 1583 812 1637 liidem
838 1581 976 1658 profiteor
1000 1583 1183 1644 catholicam.

195 1688 356 1744 Literarum
380 1689 528 1745 elementis
554 1688 675 1743 imbutus
699 1709 759 1744 sum
782 1690 808 1744 in
825 1689 925 1744 schola
943 1690 1103 1766 parochiali
1120 1691 1278 1745 Maischos-

105 1793 192 1865 sensi,
222 1793 333 1851 artibus
364 1795 531 1852 liberalibus
562 1797 714 1851 instructus
742 1816 802 1851 sum
827 1795 865 1851 ab
890 1797 1004 1871 optimis
1028 1797 1278 1872 praeceptoribus,

104 1919 227 1975 quorum
251 1903 416 1957 memoriam
446 1922 561 1978 semper
592 1904 639 1977 pio
670 1903 762 1958 colam
787 1904 890 1968 animo,
928 1904 954 1958 in
979 1906 1130 1978 gymnasio
1156 1903 1280 1959 hiidem·

105 2007 183 2064 Guil.
209 2007 383 2075 Coloniensi,
415 2010 492 2082 quod
517 2011 643 2084 Jaegero
674 2011 817 2066 directore
846 2011 941 2065 adhuc
969 2011 1061 2066 tloret.
1110 2011 1186 2066 Vere
1214 2012 1280 2066 anui

104 2116 136 2170 h.
161 2134 185 2170 s.
210 2114 364 2172 LXXXVI
390 2116 503 2172 Almam
521 2117 742 2174 Universitatem
760 2117 971 2173 Berolinensem
997 2118 1053 2172 adii
1074 2130 1102 2172 et
1119 2119 1145 2172 in
1162 2137 1281 2172 numero

104 2223 210 2278 civium
246 2223 306 2278 eius
334 2222 372 2278 sui
401 2242 490 2297 usque
520 2225 556 2279 ad
581 2240 731 2282 exeuntem
756 2237 895 2280 aestatem
920 2225 985 2279 anni
1011 2225 1038 2278 h.
1064 2243 1087 2279 s.
1112 2224 1279 2278 LXXXXI.

101 2329 276 2386 Docuerunt
299 2349 344 2385 me
368 2331 421 2385 viri
445 2332 594 2386 clarissimi
619 2333 762 2401 Bresslau,
788 2332 910 2400 Curtius,
935 2331 1025 2400 Diels,
1051 2331 1280 2405 Furtwaengler,

104 2435 228 2511 Geiger,
265 2436 301 2492 de
325 2437 457 2511 Gizycki,
494 2438 594 2508 Graes,
626 2441 746 2507 Grimm,
777 2438 950 2505 Hirschfeld,
981 2437 1128 2508 Huebner,
1158 2435 1280 2505 Kekule,

105 2541 273 2612 Kirchhoff,
310 2544 398 2612 Lenz,
435 2545 567 2614 Paulsen,
597 2547 760 2616 Puchstein‚
792 2546 911 2615 Robert,
937 2545 1093 2620 Roediger,
1118 2544 1280 2612 Rothstein,

103 2648 246 2720 Scherer,
283 2650 430 2724 Johannes
454 2649 595 2719 Schmidt,
632 2650 808 2722 Schroeder,
838 2653 960 2723 Vahlen,
990 2652 1092 2708 Zeller.
1146 2651 1283 2726 Collegiis

106 2757 309 2830 privatissimis
338 2778 384 2814 me
412 2759 597 2829 admiserunt,
628 2760 751 2829 Curtius,
782 2760 1010 2834 Furtwaengler,
1035 2760 1136 2830 Grael,
1162 2758 1282 2826 Grimm,

109 2863 258 2933 Huebner,
285 2864 450 2934 Kirchhoff,
477 2865 597 2932 Robert,
624 2867 785 2937 Rothstein,
811 2866 935 2922 Vahlen.

200 2971 309 3026 Horum
346 2973 469 3027 omnium
505 2973 630 3028 virorum
666 2986 751 3048 grato
779 2974 874 3028 animo
903 2973 969 3029 dum
998 2976 1093 3030 vivam
1117 2973 1283 3040 meminer0,

110 3078 267 3151 praecipue
302 3096 373 3134 vero
408 3081 519 3154 gratias
554 3100 612 3155 ago
640 3081 747 3136 Carolo
772 3079 892 3150 Robert‚
929 3083 976 3152 qui
1007 3100 1051 3136 me
1076 3081 1207 3136 hortatus
1231 3092 1283 3147 est,

109 3196 143 3238 ut
159 3183 195 3240 de
212 3185 380 3242 comoediae
399 3186 514 3242 Atticae
530 3187 694 3261 primordiis
709 3187 894 3261 quaestiones
911 3187 1085 3242 instituerem
1103 3201 1131 3242 et
1147 3186 1285 3260 Adolpho

113 3290 270 3346 Kirchhoff
302 3293 349 3365 qui
386 3313 430 3347 me
466 3295 492 3348 in
528 3293 702 3367 perficienda
739 3294 940 3349 dissertatione
969 3313 1077 3349 summa
1108 3293 1286 3368 benignitate

109 3396 230 3452 adiuvit.
