2910 4492
664 361 879 415 „24-

182 535 316 578 contextu
341 537 481 589 carentes
517 524 674 599 praecipue
710 525 736 578 in
761 538 857 578 certas
885 523 1024 598 quasdam
1049 537 1147 598 partes
1173 525 1356 589 invehuntur,

181 630 207 684 in
242 629 345 704 quibus
381 630 587 706 componendis
615 643 732 706 poetam
763 649 875 686 omnem
904 649 1003 686 curam
1026 649 1062 686 ac
1086 629 1261 705 diligentiam
1286 633 1358 686 omi-

180 736 251 791 sisse
276 750 407 812 arguunt.
455 737 524 792 lllud
549 737 623 792 enim
647 749 753 813 poetae
777 751 806 792 ut
830 737 1013 813 peculiariter
1037 737 1169 792 vitiosum
1193 738 1357 814 opprobrio

180 842 258 909 dant,
283 844 361 918 quod
384 859 451 920 post
466 844 643 920 parabasim‚
669 844 756 899 missa
773 844 942 900 comoediae
965 843 1046 899 firma
1070 856 1223 914 structura,
1249 864 1357 901 scenas

180 949 264 1005 aliam
300 951 348 1005 alii
383 956 496 1006 asserat
530 965 559 1007 et
593 969 794 1026 nonnunquam
823 951 952 1026 regulam
982 952 1052 1006 artis
1076 950 1254 1008 dramatieae
1278 953 1357 1009 adeo

179 1075 236 1112 non
259 1071 405 1132 sequatur,
442 1071 473 1113 ut
507 1076 648 1134 personas
683 1058 808 1113 ludicras
839 1059 973 1114 continua
996 1058 1072 1113 serie
1096 1058 1122 1112 in
1146 1077 1264 1114 scenam
1288 1078 1357 1134 pro-

180 1163 299 1219 deuntes
334 1177 371 1234 et,
408 1177 560 1240 postquam
590 1165 743 1240 paullulum
772 1167 910 1240 temporis
937 1177 1037 1240 partes
1060 1183 1128 1220 suas
1150 1165 1355 1234 sustinuerunt,

180 1269 389 1327 descendentes
413 1271 509 1327 faciat.

268 1379 362 1449 Koch,
388 1399 417 1454 p.
441 1397 510 1453 132,
542 1380 621 1434 hisce
652 1378 749 1435 verbis
780 1379 874 1434 iudicii
897 1380 940 1434 sui
964 1379 1032 1433 facit
1055 1397 1210 1433 summam:
1252 1379 1356 1436 »Aher

179 1484 227 1538 ihn
252 1485 342 1541 freute
365 1505 418 1540 nur
442 1486 494 1542 der
517 1499 594 1541 erste
618 1486 714 1542 lu'ihne
739 1486 832 1541 Wurf.
880 1487 931 1541 Bei
955 1486 1007 1541 der
1030 1484 1220 1560 sorgfaltigen
1241 1485 1356 1541 Durch-

179 1590 302 1666 lfihrung
337 1592 388 1648 des
418 1594 564 1649 einzelnen
592 1593 773 1669 verdamplte
800 1592 842 1648 oft
865 1613 899 1648 zu
922 1592 1032 1648 schnell
1057 1592 1109 1647 der
1132 1591 1242 1666 leurige
1266 1591 1356 1649 Wein

178 1698 235 1752 und
259 1699 285 1753 in
310 1699 365 1755 den
388 1700 591 1756 schildernden
615 1698 729 1756 Scenen
753 1700 805 1756 des
829 1701 949 1756 zweiten
965 1699 1077 1768 Theils,
1103 1698 1149 1754 die
1173 1699 1200 1753 in
1216 1698 1354 1754 infinitum

171 1805 334 1875 ,vermehrq
371 1807 533 1882 ehensogut
568 1807 640 1863 aber
675 1808 750 1862 auch
785 1808 861 1864 ohne
897 1827 930 1861 zu
965 1825 1088 1881 grossen
1117 1803 1254 1860 Schaden
1291 1825 1356 1862 uer-

173 1913 300 1968 mindert
337 1915 453 1970 werden
489 1915 624 1983 konnten,
662 1915 732 1969 lasst
766 1915 828 1970 sich
857 1914 995 1969 zuweilen
1023 1915 1086 1968 eine
1115 1932 1167 1967 nur
1191 1913 1280 1968 durch
1307 1913 1355 1970 die

177 2021 385 2095 grossartigste
409 2023 532 2077 Routine
556 2021 714 2077 verdeckte
737 2022 909 2095 Ermattung
939 2020 991 2076 der
1014 2020 1276 2088 Produktionslust‚
1307 2022 1354 2076 ein

178 2127 318 2199 gewisser
354 2115 517 2184 llberdruss
556 2148 593 2183 an
633 2128 684 2183 der
719 2128 901 2202 Vollendung
941 2129 992 2183 des
1027 2129 1221 2202 Begonnenen
1259 2128 1354 2181 wahr-

178 2233 329 2288 irehmen.n
353 2268 390 2274 —
410 2235 531 2304 Texuit,
558 2235 594 2291 de
611 2236 688 2290 Pace
711 2256 740 2311 p.
765 2234 799 2290 18
830 2235 1024 2313 »Dagegen«,
1042 2234 1140 2309 inquit,
1162 2234 1354 2289 nerscheinen

177 2341 251 2395 auch
278 2341 339 2396 hier
365 2343 417 2396 wie
442 2343 468 2396 in
493 2343 548 2398 den
574 2343 744 2398 Acharnern
770 2344 833 2398 eine
857 2361 949 2416 ganze
974 2342 1065 2397 Reihe
1089 2360 1178 2396 neuer
1193 2341 1353 2407 Personen,

177 2448 266 2503 zumal
293 2449 328 2503 im
353 2447 535 2519 Schlussakt,
561 2449 607 2504 die
631 2449 740 2505 ebenso
764 2461 940 2504 unerwartet
960 2449 1103 2521 kommen‚
1128 2447 1171 2502 als
1187 2448 1238 2516 sie,
1264 2448 1354 2502 nach-

178 2553 242 2609 dem
277 2557 318 2610 sie
355 2556 416 2610 ihre
440 2555 642 2630 Schuldigkeit
669 2557 788 2630 gethan,
825 2557 901 2611 ohne
925 2555 1115 2610 Ceremonien
1140 2573 1204 2610 vom
1230 2555 1355 2610 Dichter

177 2661 320 2717 entlassen
357 2664 502 2719 werden«
558 2663 606 2734 (cf.
643 2682 671 2738 p.
704 2681 719 2735 5
757 2676 785 2718 et
821 2663 863 2738 6.)
915 2664 998 2731 Quae
1027 2663 1063 2717 sit
1091 2679 1179 2716 causa
1208 2662 1268 2716 eius
1293 2663 1353 2717 vitii

177 2786 240 2822 cum
264 2771 428 2843 quaesierit,
465 2769 635 2845 respondet:
681 2770 753 2825 »Die
779 2771 925 2826 Antwort:
963 2770 1027 2825 weil
1055 2770 1112 2824 ihm
1141 2768 1186 2822 die
1211 2768 1354 2824 'lendenz

178 2874 229 2930 des
252 2873 377 2933 Stlickes
401 2878 469 2932 weit
493 2877 645 2952 wichtiger
670 2877 705 2931 ist
728 2878 783 2932 wie
808 2877 911 2933 dessen
936 2877 1124 2951 Handlung«.

266 2983 305 3037 At
329 2984 356 3038 in
381 2984 607 3059 Aristophanem
631 2983 790 3060 opprobria
816 2985 959 3040 coniicere
983 3004 1018 3039 ne
1043 3002 1207 3059 pergamus
1237 2984 1354 3040 aliunde

177 3090 272 3143 exorsi
296 3091 332 3144 ad
358 3093 555 3165 quaestionem
580 3091 793 3146 retractandam
818 3091 1001 3146 accedamus.

266 3198 356 3253 Recte
392 3199 504 3254 Textor
543 3199 664 3254 eandem
700 3199 840 3255 rationem
876 3198 944 3253 lacit
977 3211 1101 3272 quatuor
1136 3199 1353 3254 comoediarum

178 3302 416 3372 Acharnensium‚
453 3307 546 3375 Pacis
576 3304 659 3373 ploti,
688 3304 964 3373 Ecclesiazusarum‚
994 3324 1069 3379 quae
1093 3318 1159 3380 post
1184 3304 1353 3380 parabasim

175 3409 296 3464 solutum
333 3411 469 3467 exhibent
503 3431 653 3467 scenarum
689 3411 828 3466 ordinem.
881 3412 951 3466 Mihi
986 3411 1100 3486 quidem
1129 3412 1221 3467 eidem
1250 3413 1353 3486 generi

176 3516 367 3573 ascribendae
392 3520 523 3574 videntur
540 3519 755 3587 Acharnenses
780 3519 850 3586 Pax,
878 3518 966 3587 Aves
991 3537 1077 3592 quam
1098 3537 1227 3574 seorsum
1245 3531 1353 3575 tractat

175 3623 288 3679 Textor
312 3624 446 3695 fabulam,
472 3625 685 3699 quodammodo
710 3625 817 3695 Plutos,
842 3626 908 3699 quia
930 3625 957 3678 in
974 3625 1006 3679 iis
1024 3624 1127 3680 sabulis
1143 3626 1354 3701 componendis

176 3731 277 3787 eodem
315 3733 500 3788 instrumento
535 3746 651 3808 poetam
688 3734 726 3786 uti
760 3731 856 3788 video.
917 3733 1067 3787 Hominem
1103 3734 1191 3800 enim¹
1207 3732 1283 3786 haud
1311 3734 1352 3788 ita

176 3839 261 3893 valde
285 3839 434 3907 eruditum,
460 3840 510 3895 sed
536 3841 636 3913 sagaci
661 3840 776 3913 ingenio
800 3852 829 3895 et
849 3840 991 3895 acerrima
1008 3839 1161 3894 dicacitate
1177 3839 1350 3915 praeditum.

175 3947 283 4021 primas
318 3959 416 4022 partes
445 3949 629 4002 sustinentem
665 3947 741 4002 lacit.
801 3949 858 4015 Qui
893 3961 1046 4022 postquam
1082 3960 1148 4002 ante
1183 3945 1351 4022 parabasim

176 4073 234 4110 rem
260 4054 414 4109 institutam
440 4054 476 4108 ad
501 4055 604 4110 exitum
630 4056 726 4129 aliquo
750 4067 837 4129 pacto
861 4054 1004 4128 perduxit,
1029 4073 1217 4127 personarum
1235 4053 1350 4114 seriem.
