2910 4492
629 393 844 449 -32,

145 552 367 628 Aristophanes,
392 553 469 628 quod
493 573 569 628 quae
593 555 620 608 in
636 553 814 630 reipublicae
831 554 1077 609 administratione
1094 554 1321 629 reprehensione

143 659 230 733 digna
255 660 281 714 ei
304 659 479 728 viderentur,
506 658 602 716 fabula
626 660 718 717 libere
739 661 855 716 inventa
872 673 901 716 et
917 661 987 716 satis
1005 680 1110 735 magna
1127 661 1321 716 concinnitate

142 778 245 820 ornata
270 765 382 838 docuit;
408 767 509 842 ingens
533 767 589 838 ille,
615 767 769 824 dummodo
793 780 873 823 recte
898 769 1072 835 aestimetur,
1098 767 1168 823 artis
1189 768 1320 823 comicae

143 891 325 948 progressus.
385 875 416 928 In
456 873 651 950 compluribus
687 876 879 950 posteriorum
915 873 1075 929 fabularum
1111 875 1321 950 componendis

143 980 443 1038 veteriscomoediae
467 981 682 1036 instrumentum
707 1000 805 1036 rursus
829 981 986 1036 adamavit.

231 1086 426 1142 Wilamowitz
449 1088 585 1159 (Hermes
604 1089 652 1157 lX,
683 1087 775 1160 1875,
801 1108 829 1163 p.
850 1087 935 1162 338),
961 1101 1114 1164 postquam
1132 1089 1225 1143 locum
1243 1089 1320 1143 illum

141 1194 256 1249 citavit:
297 1195 410 1263 »Nun«,
436 1194 534 1269 inquit,
563 1195 658 1249 »kann
682 1207 774 1249 etwas
799 1194 958 1250 deutlicher
982 1195 1052 1265 sein,
1078 1195 1121 1250 als
1146 1195 1214 1250 dass
1235 1194 1320 1268 jener

140 1300 220 1370 γέλως
238 1306 393 1374 Μεγαρικὸς,
415 1302 470 1358 den
497 1302 548 1356 wir
571 1300 647 1357 oben
671 1302 719 1359 bei
743 1303 798 1359 den
823 1302 966 1358 attischen
981 1301 1140 1358 Komikern
1157 1315 1321 1378 verspottet

142 1407 255 1478 landen,
277 1408 344 1482 jene
368 1409 492 1478 κωμῳδία
511 1429 628 1480 popum,
653 1409 738 1465 allein
763 1410 809 1465 die
834 1408 950 1465 Farhen
974 1429 1008 1464 zu
1032 1410 1139 1464 diesem
1164 1409 1245 1464 Bilde
1269 1429 1320 1484 ge-

141 1515 235 1570 liehen
261 1516 344 1571 hatlc
395 1514 455 1571 Sed
479 1516 503 1570 ei
528 1534 652 1590 quoque,
685 1517 730 1571 cui
758 1515 905 1591 quaelihet
928 1515 1045 1572 traditio
1073 1516 1101 1570 in
1124 1516 1318 1592 suspicionem

142 1623 227 1690 uenit,
265 1623 292 1677 in
320 1642 377 1698 qua
401 1621 540 1678 Susarion
565 1635 748 1692 memoratur,
781 1623 864 1692 haee,
895 1641 970 1697 quae
995 1622 1155 1691 abiiciatur,
1193 1642 1249 1677 non
1275 1638 1320 1679 est

141 1729 237 1804 (ligna.
287 1730 458 1785 Accuratius
494 1729 587 1784 locum
616 1730 819 1785 examinemus,
867 1731 944 1785 Tres
968 1729 1076 1803 gradus
1100 1741 1318 1805 percurrentem

141 1837 209 1892 lacit
232 1837 412 1892 comoediam
436 1851 547 1905 auctor,
578 1837 616 1892 ita
644 1849 674 1891 ut
698 1837 779 1892 trium
810 1849 960 1912 poetarum
985 1837 1164 1892 inventiones
1188 1836 1261 1890 inter
1287 1856 1319 1893 se
1366 1870 1367 1874 =

140 1957 336 2019 opponantur:
373 1943 642 2017 antiquissimorum,
673 1943 792 2013 Cratini,
826 1943 1038 2019 Aristophanis.
1091 1943 1190 2017 ltaque
1215 1943 1317 1999 iterum

141 2050 283 2124 legentem
318 2069 363 2105 me
398 2049 547 2106 offendunt
582 2049 673 2104 verba
697 2046 765 2117 ἦσαν
784 2049 812 2103 δὲ
831 2048 932 2118 οἱπερὶ
950 2052 1128 2120 Σουσαρίωσα,
1157 2048 1262 2124 quibus
1292 2051 1319 2105 in

140 2157 237 2213 verbis
261 2158 321 2212 sine
346 2156 433 2213 dubio
458 2158 543 2212 inest:
580 2154 720 2212 Susarion
745 2176 807 2212 cum
833 2156 994 2229 actoribus3
1020 2156 1152 2232 equidem
1177 2172 1320 2232 exspecto

140 2265 248 2339 primos
275 2277 378 2340 poetas
409 2264 530 2334 Atticos,
567 2265 613 2338 qui
643 2263 790 2319 Cratinum
825 2264 1008 2319 antecedunt.
1057 2263 1156 2331 Quare
1183 2265 1321 2338 suspicor

139 2371 335 2447 parenthesim
370 2371 446 2426 illam
474 2368 541 2438 ἦσαν
565 2370 592 2424 δὲ
611 2368 712 2441 οἱπερὶ
736 2374 906 2441 ἱσυσαρίωνα
930 2370 1073 2425 subditam
1102 2389 1167 2426 esse
1195 2371 1221 2425 ei
1251 2371 1319 2427 loco

139 2496 175 2533 ex
198 2478 255 2533 alio
279 2478 404 2552 quodam
429 2477 515 2545 fonte,
542 2478 569 2531 in
593 2497 650 2552 quo
666 2476 805 2533 Susarion
823 2479 924 2533 inerat.
958 2477 1057 2533 Verba
1081 2496 1152 2533 vero
1169 2477 1319 2550 Anonymi

139 2597 327 2639 manaverunt
362 2603 398 2640 ex
432 2583 561 2658 quolibet
596 2583 682 2653 fonte,
720 2585 746 2638 in
782 2603 839 2659 quo
868 2598 935 2640 ante
967 2585 1114 2640 Cratinum
1138 2585 1263 2658 Magnes
1289 2601 1320 2641 et

138 2691 275 2765 aequales
299 2691 368 2759 elus,
393 2704 493 2766 utpote
514 2691 562 2764 qui
579 2689 705 2745 habendi
722 2705 818 2746 essent
845 2691 871 2743 ἐν
888 2691 988 2762 Ἀττικῇ
1006 2692 1109 2761 πρῶτον
1128 2694 1318 2760 συστησάμενοι

138 2800 166 2850 τὸ
186 2796 342 2865 ἐπιτήδευμα
360 2800 406 2862 τῆς
424 2795 567 2865 κωμῳδίας,
600 2797 750 2852 memorati
778 2811 869 2866 erant,
907 2798 946 2852 ita
976 2810 1006 2850 ut
1035 2796 1214 2852 comoediam
1244 2819 1319 2873 pure

139 2904 264 2960 Atticam
296 2923 360 2959 esse
389 2904 412 2958 is
436 2903 523 2959 vellet
547 2916 657 2959 auctor.
706 2906 806 2978 ltaque
830 2923 944 2973 vereor,
971 2923 1006 2958 ne
1031 2903 1225 2958 Wilamowitz
1250 2925 1318 2980 pro-

138 3010 262 3066 babilem
288 3011 491 3080 coniecturam,
521 3029 606 3085 quam
631 3011 667 3067 de
691 3010 860 3066 comoediae
877 3011 992 3065 Atticae
1009 3011 1205 3083 antiquissima
1222 3010 1316 3067 forma

137 3120 261 3194 optimus
285 3117 400 3192 quidam
425 3131 527 3173 auctor
550 3118 690 3188 ediderat,
717 3117 864 3173 abiecerit.

712 3331 739 3367 2.

226 3438 342 3493 Certum
378 3438 524 3512 quoddam
560 3439 731 3493 elementum
767 3457 830 3492 cum
867 3439 922 3492 iam
957 3438 1129 3493 seiunxerim
1164 3457 1201 3493 ex
1229 3452 1315 3513 parte

137 3544 306 3601 comoediae
335 3558 401 3620 post
428 3543 595 3620 parabasim
624 3545 679 3600 sita
708 3545 793 3619 idque
817 3546 1017 3621 perantiquum
1041 3563 1106 3600 esse
1130 3544 1260 3615 dixerim,
1288 3547 1315 3600 in

136 3652 363 3710 controversiam
388 3653 492 3707 vocavi
517 3671 561 3721 ea,
587 3671 662 3727 quae
687 3652 722 3707 de
747 3652 897 3707 comoedia
922 3653 1117 3726 antiquissima
1142 3670 1177 3707 ex
1203 3653 1316 3707 Aristo·

135 3760 239 3836 phanis
263 3779 338 3833 quae
362 3772 476 3815 exstant
500 3758 602 3814 sabulis
626 3760 754 3814 eruenda
779 3772 986 3815 commentatus
1015 3774 1059 3814 est
1082 3759 1141 3814 Th.
1167 3759 1313 3816 Zielinski.

135 3867 244 3924 Contra
280 3886 324 3934 ea,
361 3886 436 3940 quae
472 3866 509 3921 ab
546 3867 592 3922 illo
622 3869 684 3924 viro
714 3868 880 3922 doctissimo
908 3867 1043 3943 exposita
1067 3880 1141 3935 sunt,
1179 3879 1209 3921 ut
1232 3887 1316 3924 meas

135 3987 234 4051 partes
269 3973 431 4043 (lesendam,
468 3974 565 4030 lacere
600 3994 656 4029 non
692 3987 805 4051 poter0,
842 3974 908 4048 quin
938 3973 974 4028 ad
1004 3992 1108 4029 causas
1136 3992 1153 4028 a
1177 3974 1247 4030 viris
1271 3977 1313 4031 rei

134 4080 319 4158 peritioribus
343 4081 399 4135 iam
423 4081 552 4155 prolatas
576 4082 682 4137 addam
706 4100 824 4157 paucas,
850 4099 886 4136 ex
910 4080 1013 4154 quihus
1030 4080 1101 4135 duas
1119 4081 1181 4136 illas
1198 4100 1314 4138 comoe-
