2910 4492
572 397 787 453 „25-

86 577 159 633 quae
184 560 297 614 iamiam
323 559 501 628 inducuntur,
527 559 696 634 perstringit
716 558 824 626 irridet,
850 570 998 633 postremo
1015 558 1182 634 plerumque
1199 576 1262 614 ver-

86 665 201 721 beribus
237 666 364 742 expellit.
424 665 508 734 Quae
544 665 706 720 instituendi
734 683 851 720 scenam
881 665 955 719 ratio
981 664 1061 720 hisce
1085 666 1210 720 occurrit
1234 665 1261 719 in

83 772 222 847 partibus.
261 773 292 827 ln
309 770 549 828 Acharnensihus
573 771 636 828 soro
661 771 852 828 determinato
869 791 886 826 a
902 770 1113 847 Dicaeopolide
1138 770 1260 827 ludibrio

86 878 227 936 habentur
262 898 290 939 v.
330 878 503 956 719-835
542 879 732 953 Megarensis,
771 877 944 953 860—958
982 878 1094 934 institor
1122 880 1260 948 Boeotus,

89 984 303 1060 1018—1036
328 986 469 1061 agricola,
501 984 715 1057 1048-1068
742 985 977 1062 paranymphus,
1003 987 1030 1040 in
1055 986 1131 1041 Pace
1152 1006 1169 1040 a
1186 986 1261 1059 Try-

82 1112 157 1168 gaeo
180 1093 352 1149 vellicantur
373 1110 409 1148 10
415 1110 516 1166 52-1
530 1110 586 1148 122
608 1093 758 1148 Hierocles
775 1105 871 1164 vates3
902 1111 1117 1167 1191—1310
1136 1092 1259 1162 falcium,

83 1200 243 1270 cristarum,
269 1200 430 1270 thoracum,
456 1199 588 1256 tubarum
607 1199 807 1269 fabricatores,
833 1219 905 1276 puer
921 1200 1072 1268 Lamachi,
1090 1219 1162 1276 puer
1178 1199 1261 1256 Cleo-

84 1307 173 1380 nymi,
199 1308 227 1362 in
252 1306 364 1363 Avibus
388 1326 405 1361 a
422 1307 623 1363 Peisthetaero
647 1307 800 1363 irridentur
825 1323 1020 1383 903-1057
1044 1320 1142 1382 poeta,
1167 1319 1259 1375 vates,

84 1414 190 1484 Meton,
220 1415 386 1490 episcopus
416 1413 577 1469 tabularum
604 1414 750 1484 vendit0r;
792 1411 1007 1488 1337-1469
1032 1414 1187 1489 parricida,
1216 1413 1261 1469 Ci-

84 1522 177 1576 nesias
206 1519 456 1594 dithyramborum
486 1534 583 1597 poeta,
621 1521 814 1597 sycophanta.
857 1523 886 1575 ln
911 1521 993 1575 Pluto
1023 1521 1097 1577 ratio
1121 1521 1168 1576 illa
1192 1540 1261 1595 quo-

83 1627 238 1684 dammodo
262 1629 409 1683 immutata
434 1627 598 1697 adhibetur,
628 1628 695 1702 quia
727 1629 753 1682 in
782 1642 953 1701 argumento
977 1627 1180 1704 amplificando
1204 1647 1261 1683 non

82 1735 120 1790 ad
155 1735 386 1810 protagonistam
422 1753 506 1789 unum
542 1747 629 1809 atque
664 1735 755 1790 solum
791 1753 885 1790 rerum
910 1734 1128 1804 administratiO,
1164 1746 1194 1789 ut
1222 1736 1261 1790 ita

84 1842 186 1912 dicam,
213 1841 355 1913 desertur;
383 1841 557 1917 802-—958
583 1842 620 1896 atl
638 1842 790 1897 Carionem
816 1841 985 1897 inducuntur
1010 1842 1096 1896 homo
1121 1842 1209 1897 iustus
1233 1855 1262 1896 et

81 1949 275 2025 sycophanta,
303 1949 500 2024 959—1096
533 1967 604 2004 vero
628 1970 644 2004 a
670 1949 827 2022 Chremylo
852 1968 923 2003 anus
947 1969 1009 2004 cum
1034 1948 1259 2019 adulescentulo,

87 2071 302 2131 1097-1170
328 2077 344 2111 a
370 2056 495 2112 Carione
521 2057 652 2123 HermeS,
684 2073 897 2128 1171—1207
928 2056 1068 2111 sacerdos
1097 2069 1125 2111 et
1149 2075 1220 2111 anus
1244 2075 1261 2110 a

82 2162 241 2237 Chremylo
264 2165 506 2240 perstringuntur.
555 2164 585 2217 ln
610 2163 875 2218 Ecclesiazusarum
900 2163 992 2217 altera
1016 2176 1100 2238 parte
1124 2175 1261 2238 protago-

85 2270 159 2325 nista
183 2289 304 2346 prorsus
328 2269 413 2326 abest
437 2290 454 2325 a
478 2289 567 2326 scena
591 2269 640 2342 (cl.
665 2271 778 2324 'l‘extor
803 2271 820 2324 l.
839 2289 864 2324 c.
889 2290 918 2345 p.
939 2265 1000 2345 29),

170 2377 234 2451 Jam
259 2377 457 2452 quaestionem
482 2376 691 2445 subdifficilem,
717 2396 802 2451 quam
828 2376 864 2432 de
882 2376 1086 2451 Aristophanis
1110 2391 1172 2432 arte
1197 2377 1261 2432 dra-

82 2484 187 2539 matica
204 2484 411 2554 inchoavimus,
430 2484 600 2539 recentioris
617 2484 786 2539 comoediae
802 2483 951 2559 popularis
967 2482 1106 2559 exemplis
1119 2483 1261 2539 illustrare

82 2603 246 2660 conaturus,
284 2610 389 2647 vereor
417 2610 453 2646 ne
482 2592 526 2646 cui
556 2591 621 2645 vilia
651 2591 716 2645 altis
740 2591 862 2646 miscere
886 2590 996 2646 videar.
1048 2589 1165 2646 Veniam
1191 2610 1261 2647 vero

82 2699 108 2753 ei
144 2699 247 2753 rationi
283 2717 371 2773 spero
407 2718 452 2754 me
488 2699 704 2773 impetraturum
741 2717 805 2753 esse
834 2697 872 2753 ab
902 2698 944 2767 iis,
981 2698 1029 2771 qui
1053 2699 1081 2752 in
1105 2699 1260 2754 lectitando

83 2805 281 2880 Aristophane
316 2805 531 2880 quodammodo
572 2805 659 2861 tacite
695 2805 816 2860 eandem
852 2807 993 2860 rationem
1030 2806 1151 2880 ingressi
1186 2819 1259 2860 sunt.

82 2910 198 2968 Certum
234 2912 308 2968 enim
344 2912 411 2966 illud
447 2911 616 2967 comoediae
652 2912 794 2967 humiliter
823 2912 957 2968 iocularis
985 2926 1030 2967 est
1053 2931 1144 2986 genus
1168 2931 1261 2987 neque

82 3033 209 3074 nostrum
230 3019 372 3092 cuiquam,
399 3037 462 3074 eum
480 3019 506 3073 in
524 3018 652 3074 tabernis
668 3038 831 3074 scurrarum
849 3021 1094 3095 peregrinantium
1111 3033 1259 3094 peractum

81 3125 220 3196 videmuS,
247 3124 336 3181 habet
359 3125 436 3200 quod
462 3126 593 3181 videatur
617 3127 748 3181 alienum.
782 3129 854 3181 Nam
878 3127 946 3201 quid
970 3127 1062 3181 tritius
1084 3140 1112 3181 et
1129 3146 1145 3180 a
1162 3127 1259 3201 pueris

81 3234 162 3306 quasi
190 3233 320 3288 usitatius
348 3232 432 3288 nobis
460 3248 513 3302 est,
550 3253 636 3307 quarn
660 3233 707 3288 illa
732 3233 841 3289 ludicra
864 3253 940 3308 quae
964 3246 1105 3288 vocantur
1138 3233 1259 3288 »Harle-

83 3338 219 3407 kinadeu,
246 3340 536 3410 »Hanswurstiade«,
555 3342 753 3396 recentissima
770 3354 866 3396 aetate
888 3340 1134 3414 »Casperliadeti
1159 3342 1260 3395 Nonne

83 3447 110 3502 in
133 3447 165 3502 iis
189 3448 357 3522 spectandis
382 3448 427 3502 vel
452 3449 573 3521 agendis
595 3448 765 3523 saepissime
781 3449 828 3502 illa
846 3449 908 3523 ipsa
926 3447 1117 3523 componendi
1135 3446 1260 3502 fabulam

83 3555 193 3610 ratione
218 3555 352 3610 delectati
377 3555 491 3610 sumus?

172 3658 203 3716 Si
239 3662 302 3735 quis
338 3661 469 3737 partibus
505 3661 558 3716 illis
588 3661 801 3716 comoediarum
828 3662 1041 3736 Aristophanis,
1078 3682 1150 3735 quas
1173 3680 1260 3736 supra

82 3767 253 3837 notavimus
290 3787 327 3824 ex
362 3768 482 3823 aliarum
517 3769 644 3843 gentium
674 3769 763 3844 'poesi
799 3768 948 3823 humiliore
978 3770 1090 3824 comica
1119 3770 1260 3824 luculenta

81 3873 208 3950 analoga
231 3873 339 3931 afferre
363 3876 432 3946 vult,
457 3875 635 3950 perlustrare
658 3877 768 3951 primos
792 3894 856 3930 eum
880 3887 997 3951 oportet
1021 3876 1084 3930 illos
1109 3875 1207 3936 libros.
1234 3877 1260 3931 in

80 3998 155 4056 quos
178 3982 313 4038 Italorum
349 3983 509 4037 commedia
546 3982 612 4038 dell'
642 3995 705 4039 arte
735 4001 821 4056 quam
852 3981 949 4036 dicunt
972 3983 1071 4057 primis
1095 3983 1261 4039 rudimentis

79 4087 179 4165 paullo
214 4089 331 4165 politior
366 4089 471 4144 collata
508 4102 561 4144 est.
610 4090 739 4157 Quorum
770 4091 797 4144 in
827 4108 945 4145 numero
974 4102 1019 4144 est
1042 4089 1115 4145 liber
1140 4090 1259 4158 Quadrii
